2912 4328
646 78 863 191 ..10-

588 330 722 396 quantum
736 325 867 408 nee-fllia
877 327 970 399 matri,

269 419 449 482 quantum
478 429 543 472 nec
571 415 708 485 cupido
738 412 998 486 bellapuellaviro

162 501 293 572 repetitio
308 517 404 558 eorum
419 505 573 574 verborum,
590 519 608 558 a
624 503 724 574 quibus
746 505 885 574 posterior
908 505 1080 576 hexametri,
1111 506 1158 576 qui
1182 509 1333 579 antecedit,

163 605 231 660 para
246 590 356 646 initium
371 591 455 661 capit,
463 607 497 647 ne
505 592 586 648 metri
592 593 723 650 subtilior
738 593 1145 664 lcxrespicereturimpedivit;
1160 595 1259 652 deinde
1268 599 1333 667 4,1e

268 679 327 749 jam
341 679 406 735 Nox
422 680 575 736 aetherium
589 680 677 750 nigris
692 695 803 736 emensa
819 681 964 750 quadrigis
1080 740 1083 745 ,

323 769 490 824 mundum
506 769 683 824 caeruleo
698 769 807 824 laverat
822 785 902 825 amne
918 777 996 826 rotae

163 855 348 926 perspicuitas
365 858 500 914 orationis
515 857 604 926 major
618 858 672 912 tuit
687 873 770 928 quam
784 858 866 915 metri
880 858 1038 928 elegantia3
1054 875 1138 929 porro
1156 863 1185 930 4,
1207 864 1243 916 14

271 951 301 1002 et
330 945 480 1002 frustra
510 946 720 1002 inmeritum
748 946 922 1016 pertimuisse
938 947 1005 1002 velit

165 1039 215 1089 aut
229 1039 266 1090 et
281 1035 502 1104 conjunctionem
517 1050 535 1089 a
550 1035 686 1106 principio
701 1035 854 1092 sententiae
864 1027 1015 1104 amovere²)
1032 1043 1082 1092 aut
1097 1037 1228 1094 leviorem
1236 1054 1332 1096 vocem

164 1122 287 1192 graviml
302 1129 470 1194 anteponere
485 1123 593 1194 noluit3
609 1126 655 1194 ut
674 1123 792 1192 denique

272 1228 349 1267 oum
364 1227 400 1268 se
416 1227 606 1281 purpureo
621 1227 686 1268 vere
700 1212 818 1268 remittit
831 1213 930 1271 bamus

163 1299 328 1370 plusquam
342 1300 472 1356 Tibullus
487 1301 564 1356 dedit
579 1300 772 1363 collocationis
788 1301 968 1370 simplicitati.
1014 1301 1133 1360 Restasn
1157 1310 1249 1360 numm
1272 1305 1330 1363 duo

163 1404 270 1458 versun,
285 1389 351 1459 4,20
366 1393 396 1445 et
413 1392 442 1460 6,
461 1392 479 1444 2

272 1493 323 1533 nec
337 1495 380 1534 nne
396 1478 520 1547 sopierat
534 1477 622 1532 menti
634 1478 702 1535 deus
717 1477 795 1535 utilis
811 1493 929 1548 aegrae:

325 1581 473 1623 somnus
503 1566 704 1624 sollicitae
733 1566 906 1624 deficitaute
928 1567 1032 1623 domos.

272 1654 390 1710 candide
405 1655 498 1727 Liber,
514 1654 582 1718 ades
598 1655 650 1724 (sio
664 1656 702 1712 sit
715 1655 768 1710 tibi
782 1655 898 1726 mystice
913 1656 987 1725 vitia,
1054 1691 1057 1697 -

325 1759 469 1812 semper
498 1745 554 1800 aio
583 1744 722 1799 hedera
751 1744 1093 1814 temporavinutaieras),

166 1832 214 1902 qui
229 1845 264 1888 ea
279 1832 517 1903 interpunctione,
534 1847 616 1900 quam
631 1833 704 1888 inter
725 1832 798 1887 alios
820 1831 961 1890 norbsimi
983 1833 1112 1904 editores,
1134 1831 1173 1889 M.
1189 1835 1331 1904 Hauptius

164 1927 194 1976 et
208 1921 242 1976 L.
257 1921 423 1991 Muellerus,
436 1920 638 1992 praetulerunt,
654 1926 764 1976 retenta
779 1920 885 1976 nullam
899 1921 1235 1982 babentexousationem.
1272 1925 1330 1980 Ita·

166 2024 220 2079 que
235 2011 265 2080 4,
281 2011 319 2066 20
336 2015 400 2081 post
415 2025 563 2066 somnus
578 2017 607 2065 et
624 2011 652 2080 6,
671 2013 687 2064 2
704 2015 768 2079 post
791 2025 933 2079 semper
963 2010 1138 2069 incidendum
1152 2018 1243 2080 putu·
1275 2014 1331 2070 Aa·

167 2097 250 2167 eadit,
267 2098 342 2168 quod
356 2098 385 2153 iu
400 2098 450 2153 illo
466 2098 577 2168 quidem
592 2098 758 2168 adjectivum
773 2097 877 2166 maj0re
893 2098 919 2154 vi
933 2099 1092 2168 praeditum
1106 2105 1150 2154 eet
1166 2115 1248 2170 quum
1264 2102 1328 2156 sub-

165 2186 317 2242 stantivam
330 2191 360 2242 et
375 2188 416 2242 cb
426 2187 502 2242 bauo
514 2201 623 2256 quoqne
636 2185 881 2248 caneem'iacilius
894 2186 956 2244 tleri
970 2187 1109 2258 potuisset
1132 2193 1163 2242 ut
1178 2194 1326 2255 antepone·

165 2280 251 2344 retur,
268 2275 302 2330 in
311 2276 366 2331 boo
380 2281 473 2331 autem
486 2274 539 2331 tali
554 2275 775 2345 interpunctione
791 2275 873 2343 paria
888 2276 1088 2332 sententiarum
1096 2275 1174 2330 initia
1189 2274 1325 2330 oriuntur.

165 2363 263 2432 Neque
277 2379 345 2420 uere
359 2364 444 2420 talem
452 2363 663 2426 collocationem
677 2362 754 2419 ner-bi
770 2363 896 2434 alioque,
914 2364 987 2434 qood
996 2365 1032 2420 ad
1048 2371 1191 2432 atrumque
1205 2363 1326 2418 ethera

164 2451 244 2506 metri
259 2457 289 2508 et
310 2453 477 2522 pentametri
486 2454 656 2514 inenuntium
671 2453 819 2523 partimur,
836 2452 996 2522 aLygdsmi
1011 2451 1210 2510 consuetudine
1227 2452 1327 2507 abhor-

164 2555 226 2597 rere
241 2546 341 2611 postea
356 2541 517 2598 ridebimus.
1226 2567 1227 2574 ι

253 2629 380 2686 Alteram
394 2630 480 2700 igitur
487 2629 590 2700 prioris
604 2629 771 2686 hemistichii
785 2645 910 2686 normam
926 2629 1189 2700 quiminuequidem
1198 2629 1326 2700 religiose

165 2717 277 2774 Tibullo
293 2717 424 2790 respexit,
440 2724 562 2775 atcerte
577 2719 690 2788 diguam
705 2719 820 2788 hebuit,
837 2720 916 2790 cinus
940 2734 1027 2776 caasa
1049 2719 1085 2774 ab
1109 2719 1250 2787 aequabili
1278 2719 1329 2772 illa

164 2807 349 2864 collocatione
365 2807 527 2876 discederet,
544 2805 769 2877 idemplanenon
785 2808 894 2864 curauit
908 2808 942 2862 de
952 2809 1050 2875 altera,
1067 2821 1138 2875 quae
1154 2811 1198 2862 ent
1215 2809 1249 2862 de
1262 2821 1326 2864 vote

163 2895 318 2965 spondiaco
331 2895 361 2952 in
375 2895 465 2966 prima
480 2909 577 2952 versut
592 2896 657 2952 aede
666 2897 776 2966 posita.
807 2896 980 2967 deprimam
996 2909 1145 2963 numquam
1155 2895 1327 2964 Lygdamum

162 2982 189 3040 ei
204 2984 245 3040 ita
260 2984 386 3054 esseben,
401 2990 434 3040 ut
449 2983 663 3040 communitatem
678 2985 847 3056 neglegeret,
862 3001 898 3040 ex
913 2983 956 3040 bia
972 2989 1090 3052 apparet
1104 2984 1246 3040 venitus:

270 3072 494 3142 8,10nuduu
523 3071 692 3128 Lethaea
722 3073 892 3143 cogererire
908 3079 979 3127 rate.

269 3163 295 3230 4,
314 3163 498 3218 bivarium
529 3162 731 3217 nocturnis
760 3163 835 3218 talltr
850 3159 1025 3230 imaginibus.

269 3249 559 3320 uaelanguent
588 3256 645 3306 ter
675 3251 811 3319 quinos
842 3249 1190 3308 aedmeemembradiee.

270 3339 471 3407 6,82venit
498 3346 586 3410 post
615 3338 756 3397 multos
784 3355 843 3396 nne
858 3338 1041 3396 semnadlen.

161 3425 268 3484 Deinde
283 3441 349 3483 vero
365 3426 449 3483 etiam
462 3429 489 3499 4,
505 3429 542 3484 22

265 3514 412 3584 pressit
441 3515 667 3586 languentis
697 3503 979 3586 luminaseraqnies

159 3605 244 3659 rerba
259 3604 437 3660 convertendi
451 3604 616 3662 {teutatem
629 3603 826 3676 praetermisit.
873 3605 951 3660 Unde
967 3603 1062 3660 elucet
1074 3604 1234 3674 elegantiae
1249 3603 1325 3658 illins
1438 3583 1439 3588 ἵ

158 3693 285 3762 ignarum
300 3709 362 3750 eum
376 3692 472 3750 briaae.
517 3695 616 3762 Itaque
632 3709 688 3750 nen
703 3692 843 3761 miramur,
860 3693 934 3763 quod
950 3692 1110 3766 Lygdamus
1135 3692 1246 3748 omnino
1265 3707 1325 3748 sae·

157 3781 221 3851 plus
237 3781 349 3837 Tibullo
365 3781 419 3838 boc
433 3782 514 3838 metri
528 3781 625 3838 vitium
641 3780 761 3870 admisit.
798 3779 927 3838 Tibullus
942 3781 1015 3838 enim
1034 3783 1068 3836 12
1085 3785 1276 3852 pentametros
1292 3795 1325 3838 eo

248 3965 268 4038 ¹)
288 3964 330 4021 (11.
348 3963 454 4036 Haupt,
473 3963 531 4024 obs.
549 3963 614 4036 orit.
630 3981 658 4036 p
675 3967 724 4031 ter
