2912 4328
629 133 828 202 ..5-

249 335 415 392 redditur
433 333 566 404 agricolis
585 333 708 404 gratia
726 333 882 398 caelitibus,

142 431 194 482 aut
212 425 305 490 verbo,
320 424 392 491 quod
406 422 556 488 antecedit,
575 437 633 493 per⁸
644 437 675 476 se
693 428 727 477 ut
743 427 837 477 mente
851 421 959 490 aliquid
973 420 1081 476 definiti
1094 421 1242 476 formemus
1257 439 1313 480 non

137 513 278 570 *efficienti
284 518 348 581 post
355 527 499 567 caesuram
506 511 615 565 demum
621 509 658 576 id,
666 510 914 577 quodseuteutiam
921 511 1022 579 explet,
1031 510 1151 575 additur,
1166 510 1234 565 utin
1246 512 1313 566 hcc:

249 605 278 655 et
296 602 382 654 dare
401 598 521 654 secretis
541 599 666 653 oscula
683 598 835 664 liminibus,

144 695 196 745 aut
213 689 324 744 inverso
344 688 449 753 ordine,
468 687 549 744 uelut
566 687 597 740 in
614 687 679 740 hoc:

248 783 278 832 et
296 777 466 832 dominam
488 778 587 830 tenero
606 773 821 830 detinuisse
846 774 922 840 sinu,

145 865 326 936 exspectatio,
338 879 392 931 qua
402 864 476 919 uude
485 879 585 918 nomen
598 863 720 932 pendeat
733 863 763 918 in
776 863 870 932 priore
879 863 1054 918 hemistichia
1071 869 1206 929 tenemur,
1223 862 1313 920 altero

143 955 307 1023 completur.
317 953 377 1007 Has
388 956 480 1006 autem
491 950 561 1006 artis
571 950 651 1006 illius
661 951 775 1019 species,
786 967 848 1006 cum
857 956 936 1006 certa
945 950 1055 1007 ratione
1065 967 1121 1005 uon
1135 952 1194 1004 sint
1207 952 1313 1008 adhibi·

141 1048 197 1107 tae,
209 1047 242 1096 ut
251 1040 422 1105 omittemus,
430 1041 465 1093 ad
475 1055 536 1094 eam
545 1044 728 1104 transeamus,
742 1055 812 1107 quae
822 1039 908 1094 firmis
918 1039 1028 1108 legibus
1038 1038 1178 1107 descripta
1189 1042 1240 1104 est,
1251 1040 1313 1093 sub-

142 1129 270 1185 stantiva
280 1128 339 1186 sive
349 1143 419 1197 quae
430 1143 526 1182 eorum
534 1128 626 1182 locum
633 1132 733 1182 tenent
742 1127 905 1196 pronomina
913 1133 942 1182 et
949 1127 1087 1197 adjectiva
1098 1127 1156 1182 sive
1163 1127 1314 1196 participia

141 1217 202 1273 illis
221 1217 369 1286 subjuncta
388 1216 539 1271 artificiose
554 1215 711 1270 collacandi
724 1215 786 1271 dico
801 1215 945 1271 rationem.
972 1215 1048 1282 Quae
1062 1216 1199 1270 vocabula
1213 1219 1312 1284 poetae

142 1304 263 1376 elegiaci
279 1303 384 1369 Latini,
404 1310 539 1372 quantum
556 1303 617 1359 deri
635 1304 737 1372 potuit,
756 1304 798 1358 its
815 1308 979 1372 posuerunt,
998 1308 1031 1358 ut
1055 1304 1124 1360 haec
1148 1303 1258 1370 quidem
1282 1303 1313 1358 in

142 1395 235 1464 priore
252 1407 351 1449 versus
369 1397 451 1462 parte
469 1397 612 1462 praeeant,
631 1393 795 1446 illaautem
819 1398 975 1459 sequantur
999 1392 1029 1445 in
1052 1391 1216 1461 posteriore.
1257 1392 1313 1446 Ad·

139 1482 274 1554 jectivum
292 1482 373 1545 enim,
393 1481 493 1549 quippe
513 1497 566 1548 quo
585 1482 644 1535 solo
664 1481 779 1550 integre
797 1495 853 1534 nou
871 1479 922 1535 fiat
937 1480 1082 1549 cogitatio,
1103 1481 1138 1534 ad
1157 1481 1230 1547 quod
1251 1497 1312 1548 per·

142 1571 235 1625 tineat
253 1569 460 1625 substantivum
487 1585 549 1624 cum
563 1585 735 1636 quaeramus,
750 1571 802 1624 hac
817 1569 1002 1624 collocatione
1018 1568 1121 1636 optime
1136 1569 1313 1624 hemistichia

138 1658 322 1728 colligantur.
359 1660 452 1724 Atque
471 1657 543 1712 idem
560 1662 620 1711 tum
639 1657 768 1722 efficitur,
789 1673 851 1712 cum
870 1655 1003 1726 adjectivi
1028 1656 1121 1711 sedem
1148 1661 1227 1710 tenet
1250 1659 1312 1712 sub·

137 1746 299 1811 stantivum,
319 1747 391 1813 quod
409 1745 439 1800 in
458 1746 589 1815 genetivo
607 1746 820 1814 pronuntiatum
839 1762 873 1800 ex
891 1746 983 1800 altero
1001 1745 1177 1800 substantivo
1199 1746 1313 1813 pendet.

137 1834 210 1889 Huic
227 1851 294 1889 vero
313 1839 410 1902 partes
429 1835 618 1904 conjungendi
637 1835 695 1888 arti
713 1850 746 1888 ea
764 1834 880 1898 accedit,
896 1835 969 1900 quod
983 1849 1072 1900 aequo
1085 1833 1175 1888 ueluti
1189 1834 1312 1901 pondere

136 1923 221 1978 verba
238 1939 288 1991 per
307 1938 353 1977 ees
372 1922 414 1976 ita
432 1921 601 1977 distribuere
619 1923 755 1987 solebant
770 1927 804 1976 ut
817 1922 902 1976 elteri
915 1922 1028 1976 illorum
1043 1921 1183 1980 nominum
1197 1922 1308 1990 prioris,

138 2010 223 2064 alteri
240 2009 406 2085 posterioris
429 2011 535 2064 exitum
550 2015 691 2076 tamquam
709 2015 801 2065 certas
817 2011 897 2065 sedes
916 2009 1104 2080 assignarent.
1133 2010 1264 2079 Quelege
1284 2015 1313 2064 et

137 2098 284 2152 verborum
296 2097 523 2167 compositionem
542 2099 839 2169 pentametriuumeris
857 2099 972 2168 egregie
993 2099 1191 2154 accommodari
1212 2105 1242 2152 et
1251 2113 1313 2153 sen-

136 2185 327 2253 tentiamapte
334 2201 432 2242 versus
444 2191 588 2242 structura
597 2187 687 2256 magis
695 2186 755 2241 fieri
769 2188 943 2256 perspicuam
950 2203 1028 2242 nemo
1047 2187 1103 2242 erit
1118 2187 1185 2254 quin
1197 2186 1312 2240 sentiat.

223 2275 265 2328 Ac
280 2274 338 2344 jam
357 2275 390 2330 de
410 2275 523 2330 Tibullo
542 2281 572 2330 et
588 2275 732 2345 Lygdamo
751 2281 785 2330 ut
809 2276 969 2331 accuratius
993 2275 1148 2340 videamus,
1173 2279 1312 2341 quatenus

136 2360 179 2412 his
199 2362 306 2417 duobus
325 2363 454 2418 artificiis
473 2365 518 2418 usi
537 2365 603 2430 sint,
618 2371 678 2419 tum
692 2364 809 2431 quidem,
825 2381 887 2418 cum
901 2365 955 2418 duo
970 2364 1093 2433 eJ'usdem
1107 2363 1311 2417 enuntiationis

137 2448 248 2502 nomina
266 2451 297 2504 in
316 2453 411 2506 codem
430 2452 603 2508 hemistichia
623 2453 763 2506 collocata
781 2458 855 2516 sunt,
876 2468 932 2506 non
946 2455 1069 2517 curatur,
1084 2456 1178 2506 utrum
1198 2467 1311 2520 praece·

138 2537 194 2601 dat,
214 2537 256 2591 ita
275 2543 308 2590 ut
326 2555 376 2606 pro
394 2540 477 2594 metri
496 2541 665 2596 necessitate
684 2557 758 2595 nunc
777 2541 863 2595 tales:

242 2641 303 2680 cum
319 2631 451 2682 tenues
467 2629 593 2682 hamos
610 2630 717 2684 abdidit
733 2636 798 2685 ante
814 2630 901 2687 cibus.

238 2713 363 2782 jurasset
379 2716 477 2786 cupide
494 2716 628 2784 quidquid
643 2717 797 2785 ineptus
813 2734 890 2772 amo
902 2736 932 2787 r,

137 2819 209 2857 nuuc
225 2803 313 2858 tales:

242 2892 408 2946 carmine
425 2909 486 2946 cum
503 2893 648 2961 magico
664 2893 868 2962 praecinuisset
884 2910 963 2950 enus.

219 2981 351 3034 'rettulit
366 2996 381 3034 e
398 2982 479 3037 trinis
496 2981 617 3036 omina
632 2988 740 3037 centa
761 2998 831 3050 puer

135 3064 259 3120 invenias
276 3081 380 3123 versus.
426 3070 522 3138 Neque
539 3070 623 3139 igitur
638 3077 682 3125 ent
697 3088 747 3126 cur
762 3071 908 3141 miremur,
926 3072 1001 3142 quod
1017 3072 1164 3142 Tibullus,
1189 3073 1310 3141 quoties·

135 3169 251 3220 cumque
267 3170 317 3221 per
332 3161 448 3212 metrum
465 3158 570 3228 liceret,
579 3159 657 3214 illam
673 3160 707 3214 de
723 3159 825 3229 prioris
842 3160 1009 3216 hemistichii
1023 3161 1141 3229 pedibus
1158 3162 1246 3230 legem
1264 3164 1311 3216 ob·

135 3242 255 3296 servavit
271 3248 299 3297 et
314 3243 395 3298 modo
415 3245 544 3314 siczlt,
563 3251 601 3302 90
633 3256 721 3316 post
751 3249 914 3304 Veneris
944 3248 1086 3303 vinclis
1110 3265 1132 3304 s.
1164 3251 1244 3304 modo
1270 3252 1310 3306 sic

135 3330 335 3399 scripsit212,
359 3332 395 3386 60
429 3340 463 3388 et
494 3336 663 3404 strepitu
694 3337 808 3390 nullo.
856 3337 932 3405 Quae
963 3337 1121 3408 Lygdamus
1152 3340 1310 3408 huiusmodi

134 3418 219 3474 habet
234 3421 370 3489 exempla,
387 3424 417 3489 4,
436 3424 452 3474 8
470 3428 506 3476 et
528 3423 688 3490 pavidas
711 3432 855 3480 mentes
880 3431 908 3494 b,
926 3429 965 3481 34
983 3432 1019 3480 et
1050 3427 1152 3482 nivei
1183 3429 1309 3497 lactis,

136 3522 197 3559 cum
213 3523 300 3576 neque
318 3509 457 3564 nominum
473 3527 561 3578 neque
571 3512 672 3580 pedum
689 3513 784 3568 ordine
801 3513 874 3568 inter
890 3531 918 3569 se
936 3514 1147 3584 differant,iude
1165 3516 1310 3571 nihildum

135 3594 300 3648 concludere
316 3597 391 3666 licet,
407 3600 572 3666 praesertim
590 3617 650 3656 cum
666 3602 736 3656 haec
751 3602 814 3670 ipsa
831 3603 980 3658 collocatio
996 3605 1023 3658 ei
1038 3605 1127 3674 magis
1143 3606 1264 3673 placeat,
1280 3603 1310 3658 id

134 3681 208 3750 quod
226 3687 255 3750 3,
274 3685 291 3736 6
309 3691 509 3754 etmaguas
533 3705 672 3745 messes
696 3693 806 3760 etque
829 3707 894 3746 nec
925 3699 1070 3747 tantum
1093 3693 1231 3760 crimen
1262 3693 1309 3747 de·

134 3779 300 3826 monstrant.
338 3773 450 3829 inverso
468 3776 562 3831 ordine
579 3777 706 3834 Tibullus
729 3780 818 3834 utitur
833 3781 872 3833 IV
888 3785 914 3850 3,
936 3784 972 3835 18
998 3797 1039 3836 ne
1063 3781 1223 3836 Veneris
1255 3798 1309 3837 cu·

133 3859 246 3928 pidae
258 3901 270 3942 ,Ι
280 3861 310 3915 in
326 3877 381 3932 quo
398 3879 452 3918 uuo
468 3880 550 3920 versu
566 3865 645 3920 nulle
660 3867 740 3922 metri
756 3869 863 3923 ratione
880 3869 1028 3940 impeditus
1045 3877 1114 3924 erat.
1147 3870 1219 3924 Nam
1233 3871 1309 3940 quod

133 3989 436 4118 {fllesslqulaluenda
454 3999 505 4063 est,
532 4012 593 4054 cum
617 4003 761 4070 exspectes
781 4016 815 4057 ax
834 3999 984 4057 usitatiore
1010 4000 1195 4056 collocatione
1221 4018 1308 4058 neve

221 4079 262 4118 an
299 4079 412 4123 nives.
