2912 4328
595 123 812 194 ..29-

114 347 169 389 vox
192 330 310 401 supplex
332 321 481 400 optentur
503 327 583 384 malis
607 327 698 384 verbis
717 328 821 396 januae
836 325 917 381 modo
934 323 1025 383 dictis.
1063 326 1151 396 Porro
1167 329 1180 382 t
1198 329 1227 397 t,
1245 327 1282 380 67

170 488 172 498 Ι
222 426 252 475 at
274 407 418 489 scelerata
423 412 500 487 jacet
515 415 594 472 sedes
611 416 639 472 iu
655 423 735 472 nocte
751 415 893 484 profunda
959 435 963 444 e
1014 439 1016 446 ι
1126 443 1128 452 ,

275 507 423 584 abdita,
448 521 530 575 quam
546 506 648 560 circam
663 503 778 560 flumina
791 504 874 573 nigra
888 507 1002 558 sonant·

114 591 264 667 participio
280 595 436 665 postposito
452 609 487 648 ea
502 588 584 648 inest
595 594 651 663 vis,
674 591 750 662 qnod
772 591 970 662 prehenditatia
982 595 1022 646 'et
1041 591 1188 661 caliginis,
1211 606 1284 660 quac

114 678 320 755 praedicantur,
336 684 412 738 notio
430 670 592 752 augetur'ct
607 681 725 736 acuitur.
771 679 1024 749 Denique·17‚28
1067 697 1092 712 ἰ
1170 707 1194 716 .,
1236 709 1238 716 ι

218 772 340 828 te·aanit
354 777 438 840 atque
455 784 534 826 suum
549 768 637 849 pdhos
652 769 769 824 miratur
784 767 883 824 Osirim

273 849 450 928 herbera,
474 859 642 928 Memphiten
658 855 791 927 plangere
808 857 891 913 docta
908 857 1004 912 hovem

114 951 264 1004 barbaram
285 947 407 1018 prolem,
439 943 669 1016 quaeesiritem
692 947 769 1001 luctu
792 953 946 1015 veneretur,
980 951 1064 1016 poeta
1078 969 1081 974 ·
1094 945 1147 1000 sihi
1170 943 1283 1013 suisque

114 1037 239 1108 opponit,
255 1053 271 1091 a
289 1037 389 1105 quihus
406 1037 485 1092 deum
501 1035 593 1105 ipsum
607 1035 788 1090 laetissimum
804 1035 982 1102 laetitiaeque
992 1034 1116 1089 datorem
1131 1033 1283 1102 hilaritate,

115 1142 172 1196 qua
187 1126 293 1195 deceat,
319 1125 373 1202 coli
388 1113 429 1179 vv‘.
447 1128 488 1178 42
505 1121 567 1192 sqqss
581 1119 683 1190 dicit.¹)
721 1123 817 1191 Neque
834 1133 898 1178 uero
915 1122 927 1175 1
945 1126 973 1189 d,
990 1122 1151 1192 tequidem
1194 1149 1205 1173 ν
1216 1147 1230 1154 -·
1246 1150 1250 1156 a
1269 1147 1271 1154 v

221 1217 251 1267 et
268 1212 383 1266 simulet
401 1211 523 1268 transsire
542 1212 658 1275 domum,
677 1213 740 1265 mc'x
758 1209 858 1265 deinde
876 1207 1017 1264 recurrit
1123 1233 1127 1242 ³

273 1301 370 1354 solus
390 1305 419 1354 et
437 1296 503 1354 aute
521 1299 597 1368 ipsas
616 1303 731 1354 excreat
747 1314 836 1367 usque
853 1299 946 1352 iores·

117 1389 285 1458 adjectivum
302 1389 332 1442 in
350 1377 518 1456 pentametri
539 1387 622 1443 initio
646 1387 767 1456 positum
785 1386 900 1456 gravior
924 1387 967 1441 uia
986 1385 1101 1440 deicit¹
1130 1386 1192 1440 Non
1211 1383 1284 1440 enim

118 1477 147 1532 id
175 1477 365 1548 significatur,
390 1469 492 1531 novum
520 1476 618 1531 Deliae
643 1479 805 1540 amatorem,
829 1479 974 1544 postquem
999 1474 1107 1528 domum
1129 1471 1284 1537 transierit,

114 1566 175 1620 sine
193 1564 340 1634 comitibus
358 1581 421 1618 mox
439 1564 538 1619 deinde
557 1580 709 1628 recurrere,
729 1565 778 1618 sed
797 1565 906 1618 solus*
918 1581 968 1632 pro
988 1562 1129 1632 singulari
1143 1561 1195 1616 illa
1209 1561 1282 1626 sede,

114 1669 195 1720 quam
209 1657 296 1717 tenet,
311 1669 371 1706 eam
384 1653 469 1707 habet
482 1653 658 1717 sententiam,
669 1653 742 1720 quod
756 1653 806 1706 ille
820 1652 926 1706 reuerti
940 1652 1052 1715 dicitur,
1072 1667 1133 1704 cum
1149 1665 1179 1705 ae
1194 1650 1284 1703 solum

113 1757 175 1796 csse
194 1757 283 1809 neque
297 1742 331 1796 ab
351 1742 409 1795 ullo
424 1741 534 1796 homine
548 1741 690 1796 observari
705 1741 816 1797 viderit.
854 1740 907 1807 Qui
926 1745 1152 1811 rostaaqvcrsus
1172 1740 1186 1793 Ι
1205 1743 1229 1803 1,
1248 1731 1283 1796 'ot

325 1845 381 1884 non
399 1835 450 1884 tua
468 1835 535 1884 sunt
547 1825 623 1883 'duro
641 1829 804 1898 praecordia
822 1829 898 1884 ferro

271 1918 407 1983 vincta,
423 1933 511 1984 neque
525 1918 555 1971 in
570 1923 667 1972 tauma
682 1923 740 1971 stat
758 1917 810 1971 tihi
829 1917 910 1972 corde
925 1917 1005 1970 silex.
1059 1945 1061 1950 .

113 2007 183 2071 234.
214 2007 245 2060 11
262 2009 332 2074 533.
351 2009 404 2071 98.,
423 2021 517 2060 eorum
536 2005 727 2073 unusquisqne
740 2004 783 2059 ita
797 2009 974 2074 comparatus
986 2009 1041 2069 est,
1055 2009 1089 2058 ut
1108 2002 1283 2072 adjectivum,

113 2095 186 2160 quod
195 2094 311 2162 primam
325 2095 415 2148 sedem
430 2099 516 2158 tenet,
532 2095 567 2148 ad
585 2092 763 2158 sententiam,
783 2109 853 2161 qnae
872 2094 902 2148 in
921 2096 1080 2148 hexametro
1099 2091 1207 2162 insipit,
1225 2092 1284 2159 ple·

87 2171 89 2176 ¹
113 2199 176 2236 nam
200 2183 367 2237 reddendam
387 2182 546 2236 necessario
573 2181 734 2250 requiratur
759 2183 794 2238 oh
819 2197 932 2249 eamque
957 2197 1069 2236 causam
1091 2197 1147 2237 non
1172 2179 1211 2234 ait
1234 2196 1284 2234 cunr

112 2272 242 2339 majorem
261 2269 460 2326 auctoritatem
478 2271 587 2327 habeat
619 2271 688 2326 Nam
702 2271 732 2325 in
747 2286 779 2326 eo
793 2271 853 2339 ipso
867 2270 960 2338 posite
974 2275 1020 2324 est·
1031 2270 1143 2324 diversa
1158 2267 1283 2323 condicio

114 2349 352 2413 substantivorum
370 2356 572 2428 verborumque
590 2364 620 2413 et
637 2359 847 2428 adjectivorum
858 2358 1112 2426 adverbiorumque,
1132 2357 1213 2426 quod,
1232 2356 1284 2412 illa

113 2444 223 2510 quidem
241 2447 376 2500 vocabule
400 2446 462 2500 oum
486 2463 520 2501 ex
540 2445 693 2502 hexametri
719 2446 914 2502 enuntiatione
938 2447 998 2500 sola
1026 2446 1056 2500 in
1080 2449 1284 2514 pentametrum

113 2533 284 2598 redundant,
303 2532 332 2587 id
351 2533 486 2599 efficitur,
505 2541 539 2588 ut
557 2536 698 2590 sententia
717 2551 732 2590 e
751 2534 852 2603 prioris
878 2547 977 2590 versus
995 2534 1097 2590 finibus
1122 2534 1284 2603 egrediatur

112 2620 251 2689 animique
276 2621 430 2691 legentium
449 2621 478 2676 in
503 2621 582 2676 exitu
600 2623 659 2691 ojus
679 2624 801 2678 nonduin
818 2623 910 2678 'sedati
926 2623 970 2687 id,
990 2623 1067 2689 quod·
1079 2622 1218 2689 sequitur,
1237 2638 1284 2676 ex·

112 2715 253 2776 spectent3
272 2709 340 2765 haec
359 2715 460 2774 autem,
481 2710 610 2788 quoniam
628 2709 659 2765 in
676 2711 830 2766 hexametri
849 2710 902 2765 fine
922 2725 983 2765 oum
1006 2725 1118 2764 numero
1141 2708 1284 2766 sententia

111 2797 195 2863 plene
213 2797 259 2864 fit,
278 2797 388 2852 faciunt
412 2804 445 2852 ut
469 2798 554 2852 animi
577 2800 634 2868 Jam
659 2798 780 2853 relaxati
806 2799 896 2853 denuo
922 2813 1009 2866 usquc
1034 2796 1283 2852 adaniae-verbi

112 2884 267 2940 clausulam
280 2887 466 2942 intendantur
480 2893 509 2942 et
527 2888 601 2954 quod
614 2903 670 2941 nou
690 2890 925 2955 exspectaverunt
937 2886 1103 2942 vocabulum
1116 2895 1178 2942 oum
1190 2885 1283 2954 priore

112 2972 255 3026 sententia
269 2975 439 3044 conjungere
453 2980 600 3045 cogantur.
625 2977 681 3030 Illa
695 2975 785 3045 igitur
799 2974 823 3029 si
839 2983 894 3029 non
908 2975 1024 3041 numeri,
1039 2979 1069 3029 at
1082 2979 1283 3029 certeseutcn-

112 3059 169 3114 tiae
188 3064 286 3115 tenore
305 3078 360 3116 non
384 3063 543 3132 interrupto
563 3079 624 3118 curn
642 3064 685 3129 iis,
706 3079 776 3132 quae
796 3065 973 3128 antecedunt,
998 3063 1282 3127 continentur‚.·haeo

111 3161 178 3202 vero
193 3153 223 3202 et
236 3164 349 3203 numero
365 3156 395 3204 et
407 3167 491 3206 sensu
504 3146 662 3221 intercepto
677 3168 790 3221 prorsus
805 3163 926 3218 auersa,
937 3151 985 3218 qui
997 3151 1096 3220 praeit.
1107 3156 1282 3220 separantur.
1381 3143 1385 3150 ⁴

202 3237 256 3290 Sed
275 3237 418 3292 redeamus
438 3240 472 3292 ad
496 3240 676 3308 propositum.
720 3241 823 3295 Restat
841 3239 914 3304 enim
932 3243 965 3293 ut
983 3239 1018 3293 ad
1037 3253 1083 3292 cos
1106 3239 1282 3295 hexametros

110 3323 335 3393 progrediamur,
355 3326 384 3380 in
403 3326 502 3392 quibus
521 3326 587 3380 hina
605 3325 727 3396 ejusdem
747 3327 905 3384 sententiaa
929 3326 1041 3382 nomina
1059 3327 1169 3382 adsunt
1207 3329 1282 3394 Quas

112 3411 238 3466 rationes
258 3429 291 3467 ce
309 3413 384 3468 inter
402 3429 432 3468 sc
457 3413 635 3482 implecteudi
654 3415 684 3468 in
709 3415 891 3482 pentametris
911 3413 1050 3471 adhibitas
1075 3429 1136 3470 essa
1154 3415 1281 3481 vidimus,

111 3500 224 3556 eaedem
238 3500 268 3555 in
282 3502 401 3556 heroicis
415 3502 542 3558 versibus
557 3501 742 3572 reperientur.
773 3503 843 3558 Nam
861 3509 924 3559 uta
942 3503 1070 3574 partibus
1085 3503 1282 3572 semiquinaria

109 3631 217 3686 effectis
232 3631 405 3702 incipiamus,
415 3633 534 3704 primum
545 3635 643 3690 harum
653 3581 909 3760 figurarumwsth
917 3593 962 3738 (ξ)
975 3641 1004 3691 et
1018 3591 1058 3738 (Ζ)
1070 3593 1166 3738 ὴβξ)
1192 3651 1282 3690 exem.

109 3875 429 4020 (ipins¹)8)(‚)f⁸4th-qu.um
447 3873 624 3950 (erklar'ende
642 3881 860 3988 hamerhuugeu
874 3897 925 3938 aur
939 3879 1161 3952 Uehersetauug)
1180 3880 1216 3936 ad
1235 3881 1280 3938 1⁷
