2912 4328
629 63 849 138 n.-

148 276 181 328 ut
195 269 260 326 novi
275 268 344 326 nihil
359 267 413 326 nlsl
427 269 457 328 ld
473 271 598 343 accedat,
615 265 690 342 qnod
701 267 851 342 jaur'prier
866 273 944 330 actio·
955 265 1133 344 praeeunde
1148 271 1262 346 dieitur,
1294 292 1342 332 ea

149 375 203 416 vox
225 366 257 415 ut
280 373 348 416 sono
364 360 405 415 ita
420 356 604 416 collocatione
621 360 816 430 distinguenda
831 368 907 433 erat,
929 347 1001 432 quae
1023 363 1158 433 idipsum
1180 365 1339 436 exprimit,

149 455 177 505 et
193 448 343 506 secuudum
358 448 477 518 optimos
493 449 602 504 codices
618 449 822 519 legendum-est
860 469 862 474 ·

256 537 305 593 sed
319 544 478 619 postquam¹
490 537 643 617 fuerant
666 538 782 607 digiti
806 557 866 594 cum
882 547 948 594 uoce
964 539 1060 596 locuti.

149 627 250 683 Restat
268 629 296 695 2,
318 628 375 696 1³„
392 627 426 681 de
443 640 496 695 quo
512 626 608 696 paullo
623 632 688 696 post
703 626 863 682 uidebimus.

238 717 387 785 Superest,
403 720 435 769 ut
450 715 501 770 hos
516 731 628 770 versus:

257 805 286 871 4,
305 803 344 856 67
368 819 411 858 me
427 803 567 872 quondam
582 803 692 858 Admeti
708 803 802 860 niveas
817 803 928 874 pavisse
940 804 1084 874 juvencas,

200 949 202 956 A
258 895 286 959 2,
305 893 344 944 27
369 891 419 946 sed
440 891 588 948 tristem
610 893 740 948 mortis
763 892 933 948 demonstret
948 893 1043 950 littera
1059 909 1181 950 causam.

155 1013 173 1034 .-
256 981 344 1054 4,1e
370 978 473 1034 eiiciat
496 995 610 1038 vanos
633 981 755 1037 noctis
777 980 883 1036 Lucina
898 982 1011 1044 timores

151 1067 310 1124 accuratius
335 1067 531 1124 examinemus.
575 1067 614 1122 Et
640 1068 669 1124 in
698 1069 786 1138 primo
810 1070 920 1139 quidem
950 1069 1148 1126 vocabulorum
1170 1070 1329 1126 Admeti

151 1157 282 1212 nivea-s
305 1156 453 1212 collocatio
476 1156 576 1212 inverti
590 1171 647 1213 non
661 1158 761 1228 potuit.
799 1159 832 1213 In
848 1159 966 1214 alterum
982 1157 1081 1214 deinde
1097 1157 1170 1212 idem
1185 1159 1327 1229 quadrat,

153 1245 227 1316 quod
242 1260 329 1314 supra
344 1245 378 1299 de
393 1246 446 1300 hoc
462 1245 621 1300 Tibulliano
637 1243 771 1301 diximus:
857 1287 860 1296 .

258 1339 286 1389 et
309 1332 437 1388 durum
460 1339 587 1388 terrac
610 1333 731 1390 rusticus
747 1340 827 1402 urget
843 1349 921 1403 opas.

151 1421 276 1490 Denique
291 1421 321 1477 in
335 1421 418 1478 tertio
435 1408 558 1492 quamvis
574 1422 716 1489 genetivus
732 1439 794 1478 cum
809 1421 993 1492 substantiva·
1014 1422 1089 1478 unde
1103 1421 1213 1493 pendet,
1230 1421 1326 1478 artius

154 1511 303 1567 cohaereat
319 1511 485 1596 quamquod
500 1510 596 1574 codem
603 1510 725 1581 pertinet
740 1510 913 1584 adjnctivuus‚
930 1517 1022 1566 tamen
1035 1512 1088 1566 hoc
1103 1511 1197 1579 potrus
1204 1517 1324 1580 propter

152 1599 284 1668 majorem
307 1599 377 1668 ιιοι,
408 1599 607 1668 quemlebet,
630 1599 753 1668 proxime
776 1605 1008 1654 antecessarum
1030 1598 1213 1712 principalem
1236 1599 1327 1654 collo·

152 1694 245 1744 catum
260 1692 311 1742 est.

239 1765 330 1846 Atque
347 1776 380 1830 de
396 1791 429 1830 eo
446 1774 554 1844 quidem
570 1774 765 1832 concinnitatis
781 1789 889 1846 genere,
906 1775 980 1844 quod
996 1775 1063 1831 est
1054 1793 1082 1830 ιιι
1098 1776 1226 1844 partibus
1242 1769 1324 1832 seml-

153 1863 281 1935 quinaria
296 1864 416 1933 effectis,
432 1865 576 1920 hactenus.
614 1863 740 1921 Alterum
757 1871 857 1935 autem,
881 1881 916 1919 ex
941 1879 994 1933 quo
1011 1864 1216 1934 tripartitorum
1237 1865 1323 1920 hexa-

153 1959 304 2008 metrorum
326 1959 354 2008 et
376 1953 465 2024 prime
487 1958 516 2008 et
538 1953 660 2012 secunda
674 1969 741 2022 pars
757 1953 1010 2021 nominnquuae
1031 1951 1224 2022 conjungenda
1246 1957 1320 2022 sunt,

112 2096 115 2102 ,
154 2039 244 2096 altero
261 2045 324 2095 utro
340 2027 535 2109 clauditnn'in
549 2041 593 2098 his
608 2041 733 2098 versibus
749 2040 915 2096 Tibullianis
932 2031 1064 2110 apparet:

117 2199 120 2204 .
259 2128 376 2198 11,47
402 2132 466 2197 aut,
488 2127 637 2196 gelidas
659 2129 941 2199 hibernusaqsas.
1022 2158 1042 2168 w

155 2217 206 2272 67.
231 2219 309 2286 2,35.
335 2218 439 2288 754,
457 2217 506 2272 39.
533 2219 560 2286 5,
579 2218 629 2272 27.
654 2219 705 2272 33.
729 2221 780 2273 49.
806 2219 833 2288 d,
853 2221 902 2274 75.
928 2219 955 2286 7,
973 2219 1024 2272 59.
1043 2219 1100 2286 uc,
1113 2217 1168 2272 15.
1190 2217 1240 2269 41.
1265 2217 1314 2270 55.

154 2305 227 2376 111,
244 2308 296 2360 43.
321 2307 371 2361 83.
409 2303 531 2373 Quorum
547 2305 583 2361 ad
599 2303 805 2362 similitudinem
820 2307 922 2376 et18
940 2307 979 2360 75
1011 2300 1030 2370 ἵ,

181 2443 184 2450 .
259 2409 332 2448 ιιιιιιο
355 2393 475 2449 omnis
498 2393 557 2450 odit
579 2393 722 2464 fastus,
746 2411 819 2450 nunc
835 2393 963 2462 displicet
978 2391 1021 2447 illi

152 2479 358 2537 trithemimeris
374 2480 484 2550 gravior
499 2483 625 2550 putanda
640 2483 694 2537 erit
709 2498 791 2552 quam
807 2497 877 2552 quae
893 2487 957 2602 post
970 2480 1080 2536 erciam
1096 2479 1173 2536 arsin
1188 2480 1263 2571 iacta
1278 2484 1319 2534 est

154 2569 297 2626 distinctio
312 2576 341 2624 et
355 2570 429 2625 hunc
444 2581 567 2627 uersum·
1109 2636 1111 2642 ¹

259 2659 321 2728 13,
339 2661 374 2713 11
400 2658 451 2713 illa
473 2674 606 2714 sacras
629 2659 709 2730 pueri
732 2665 856 2715 sortes
879 2665 923 2714 ter
937 2653 1059 2718 sustulit

51 2817 53 2822 Α
151 2747 379 2818 hephthsmimeri
394 2754 423 2802 et
437 2747 628 2803 trithemimeri
642 2748 799 2818 praeditum
812 2749 874 2818 jure
888 2747 1059 2825 habebimus.
1091 2746 1150 2800 Hoc
1165 2744 1238 2800 enim
1254 2743 1318 2800 arti·

151 2836 255 2907 ficium,
271 2827 435 2904 ubicumque
451 2852 502 2905 per
516 2837 597 2892 metri
612 2843 641 2892 οι
650 2834 796 2908 verborum
812 2844 941 2892 naturam
958 2835 1064 2902 liceret,
1082 2851 1099 2898 a
1115 2833 1220 2888 Tibulli
1236 2847 1317 2901 quae·

152 2925 235 2980 situm
250 2924 311 2980 esse
326 2930 356 2979 et
370 2923 404 2980 iis
412 2918 524 2980 illorum
533 2941 660 2980 versuum
668 2924 812 2995 probatur,
828 2924 965 2994 inquibus
975 2925 1093 2978 alteram
1109 2921 1317 2978 collocationem

152 3012 291 3070 levissima
306 3013 452 3069 uerborum
467 3012 699 3068 transmutatione
716 3019 860 3069 assecutus
875 3019 965 3082 esset,
982 3012 1057 3066 velut
1073 3012 1131 3080 14,
1150 3013 1189 3066 39

257 3107 305 3170 ιιι,
328 3115 445 3170 puero
469 3101 719 3178 quodcumque
741 3107 806 3157 tuo
828 3108 964 3172 temptare
980 3099 1086 3169 libebit,
1189 3155 1192 3162 ,

151 3193 181 3244 οι
196 3202 239 3259 οο,
256 3190 330 3258 quod
346 3187 393 3258 qui
408 3204 504 3245 uersus
520 3205 592 3244 unus
608 3206 670 3244 cum
684 3188 737 3248 hac
752 3205 849 3258 norma
864 3203 988 3260 pugnare
1003 3188 1121 3257 ridetur,
1138 3186 1151 3241 1
1167 3189 1197 3257 6,
1212 3187 1248 3242 69
1311 3235 1315 3242 .

258 3283 286 3331 οι
309 3277 396 3332 mihi
419 3276 497 3333 sint
521 3277 634 3334 durae
657 3277 749 3348 leges,
774 3273 1069 3346 laudarenecullarn,

149 3366 174 3422 is
190 3369 264 3422 certe
280 3366 354 3421 huuc
368 3366 567 3422 vocabulorum
582 3365 705 3422 ordinem

308 3459 338 3508 et
360 3454 470 3510 durae
492 3455 581 3510 mihi
602 3453 678 3511 sint
699 3455 777 3526 leges

147 3542 280 3614 haberet,
296 3540 350 3598 nisi
364 3541 453 3596 mihi
468 3543 651 3614 oppositionis
667 3557 754 3600 causa
770 3543 993 3614 anteponendum
1008 3541 1116 3598 suisset.

237 3630 362 3688 Tertium
378 3629 476 3686 deinde
492 3648 579 3701 genus
595 3631 718 3690 cernitur
732 3631 761 3688 in
776 3630 835 3688 tis:

254 3719 268 3773 1
286 3723 313 3789 2,
334 3722 349 3774 1
375 3719 567 3776 addemerum
581 3720 699 3790 vinoque
715 3735 828 3776 novos
844 3735 978 3790 conpesce
995 3719 1157 3776 dolores.

147 3810 178 3878 s,
193 3807 241 3866 co.
266 3809 318 3863 sn.
346 3809 395 3880 ιο,
413 3811 463 3868 oa.
487 3808 515 3866 11
532 3812 562 3880 a,
577 3811 630 3864 ιι.
655 3811 684 3879 c,
702 3811 753 3868 oe.
776 3809 816 3866 ιι
833 3797 862 3879 a,
883 3810 909 3864 1.
