2912 4328
643 149 862 228 *12-

161 351 175 406 1
192 353 221 420 5,
239 352 279 405 46
296 356 325 406 et
339 349 368 406 Il
384 353 412 421 t,
431 353 481 407 28.
511 349 562 410 His
578 351 650 406 euim
664 352 693 407 in
708 353 834 410 versibus
857 353 1057 423 aequabilitate
1079 355 1200 424 partium
1224 355 1339 425 abiecta

163 440 234 494 illud
249 444 425 509 prospectum
441 446 492 509 est,
509 445 540 494 ut
556 447 702 510 utrumque
712 440 877 510 adjectivum
892 450 1022 512 praeeat;
1038 444 1111 498 unde
1127 443 1151 499 is
1159 445 1249 510 oritur
1263 452 1338 500 tam·
1359 481 1363 492 ·

163 544 246 596 quam
276 529 355 584 lusus
385 529 601 598 vocabulorum,
624 535 657 583 ut
687 535 802 584 catenae
824 530 929 600 instar,
968 537 1116 600 antequam
1140 533 1231 587 altera
1254 535 1338 588 notio

163 617 247 684 plena
270 616 336 685 ilat,
361 617 451 672 altera
469 617 527 686 jam
542 617 674 672 incohata
690 617 735 672 sit.
766 620 864 687 Itaque
875 619 967 675 minus
982 620 1075 689 placet
1090 620 1135 676 hio
1150 635 1222 677 unus
1237 623 1338 678 sersus

162 705 308 776 Lygdami·

270 794 341 862 4‚86
357 809 407 850 neo
421 793 560 849 flammam
576 797 688 852 voluens
705 811 766 850 ore
783 791 928 851 Chimaera
943 797 976 852 fe
986 811 1034 853 ro.

241 882 377 937 ¹Omnium
386 888 479 938 autem
487 883 637 951 figurarum
654 885 713 940 sine
723 884 806 940 dubio
815 885 973 953 gratissima
982 901 1092 956 quaque
1101 885 1220 941 simulet
1232 901 1337 955 aequa·

163 970 266 1026 bilitati
281 965 311 1024 et
325 971 451 1024 firmitati
467 972 568 1040 optime
578 974 756 1041 -consulatur,
773 989 807 1026 ea
823 973 948 1042 putanda
961 979 1013 1042 est,
1030 975 1162 1042 quaeboc
1177 974 1338 1030 litterarum
1436 1005 1437 1022 ι

164 1059 259 1114 oraine
276 1047 377 1136 adiab
394 1059 551 1114 denotatur.
590 1061 865 1127 enumeraturum
883 1062 1060 1116 severanus
1092 1061 1231 1132 adhibuit,
1262 1063 1337 1132 ιιι.
1436 1043 1437 1100 l

163 1147 304 1203 demusin
324 1152 372 1202 11.
411 1149 451 1202 Ac
468 1147 681 1204 concinnitatem
703 1151 777 1218 quod
802 1150 917 1220 attinet,
942 1151 996 1205 huc
1019 1150 1159 1218 pertinent
1181 1149 1202 1205 ii
1225 1166 1336 1222 quoque
1436 1193 1437 1202 ,

163 1251 274 1303 versus,
298 1237 327 1290 in
364 1236 464 1305 quibus
502 1237 613 1292 nomina
643 1253 678 1291 ex
701 1239 744 1292 his
775 1239 919 1306 speciebus
951 1227 1059 1317 adiab,
1092 1226 1199 1317 ablu-fi,
1231 1228 1338 1318 ablass

165 1325 295 1378 ordinata
311 1332 384 1392 sunt,
402 1325 431 1378 id
447 1326 521 1394 quod
537 1326 612 1394 apud
628 1326 706 1381 illum
714 1327 846 1395 sedecies,
864 1326 938 1394 apud
947 1328 1020 1382 hunc
1036 1327 1078 1381 bis
1086 1327 1186 1382 evenit.
1219 1327 1338 1382 Delatus
1436 1349 1437 1352 ¹

165 1419 257 1467 autem
274 1413 468 1482 aequabilitas,
486 1413 510 1468 si
524 1414 626 1483 prioris
642 1415 808 1470 hemistichii
823 1413 934 1470 nomina
950 1416 1045 1470 ordine
1059 1420 1176 1472 utuntur
1192 1415 1336 1470 contrario

163 1500 198 1570 ei,
215 1517 269 1570 quo
279 1501 450 1570 posterioris.
481 1503 579 1572 Itaque
595 1501 770 1573 haeeiorma,
786 1506 818 1558 ut
833 1503 1082 1573 estinconciunior,
1098 1503 1139 1558 ita
1154 1509 1183 1558 et
1199 1503 1274 1573 apud
1286 1503 1337 1558 Ti·
1436 1491 1437 1532 ³

164 1589 270 1644 bullum
285 1584 314 1644 et
330 1590 404 1659 apud
427 1590 599 1660 Lygdamum
622 1592 710 1646 multo
733 1592 824 1646 rarius
846 1591 993 1646 invenitur.
1031 1591 1084 1646 llic
1099 1591 1172 1646 enim
1187 1591 1334 1661 quinquies

162 1693 225 1732 eam
241 1678 376 1748 adhibuit,
392 1679 440 1732 ille
455 1694 521 1733 vero
538 1680 596 1747 eius
612 1679 687 1734 modi
705 1683 850 1735 alveusne
866 1681 959 1734 habet.
982 1680 1103 1747 Quorum
1119 1680 1147 1733 in
1164 1680 1263 1736 ceteris
1273 1681 1333 1749 qui·

164 1767 226 1821 dem
240 1767 303 1836 ipsa
318 1769 472 1837 verborum,
490 1782 561 1835 quae
578 1769 703 1824 adbibita
714 1775 787 1837 sunt,
804 1775 906 1823 natura
922 1768 1067 1836 quominus
1083 1769 1229 1824 usitatiore
1244 1769 1335 1824 forma

163 1860 247 1924 putta
263 1849 389 1911 uteretur
404 1856 561 1924 prohibuit,
578 1857 606 1910 in
622 1857 664 1910 his
681 1863 787 1912 auteur:

272 1945 330 2012 la,
349 1947 388 1998 86
405 1945 904 2000 etmlserumsanototundore
920 1951 999 2014 poste
1016 1951 1109 2014 caput.
1147 1954 1151 1958 '

165 2033 192 2098 7,
209 2034 257 2087 34.
275 2035 357 2101 8,16.
375 2035 426 2088 46.
442 2035 507 2102 9,68
518 2033 600 2088 risde
616 2034 717 2102 prioris
725 2030 891 2088 hemistichii
900 2034 1039 2102 dactylum
1047 2033 1201 2102 excipiente
1209 2033 1333 2103 spondeo

160 2120 229 2188 legis
244 2121 333 2190 major
347 2121 401 2175 fuit
417 2137 500 2189 quam
515 2121 741 2191 aequabilitatis;
758 2123 774 2174 Ι1
784 2124 810 2190 4,
832 2125 871 2176 12
885 2137 950 2176 vero
967 2128 996 2176 et
1012 2122 1039 2174 11
1055 2123 1084 2189 4,
1103 2124 1140 2175 28

267 2203 313 2264 hic
328 2209 522 2278 placidam
537 2208 644 2263 niveo
660 2217 772 2278 pectore
788 2209 869 2278 pellit
885 2225 993 2278 aquam.

268 2304 296 2352 et
312 2297 587 2367 niveam-Tyrio
604 2299 707 2353 murice
722 2298 807 2366 tingit
822 2313 908 2367 ovem,

164 2386 192 2439 in
209 2385 442 2453 quibussersibus
457 2387 538 2440 metri
547 2387 625 2440 nulla
640 2387 930 2453 ratiohabaudaerat‚
947 2385 1236 2454 allacrimapropter
1249 2399 1332 2451 quam

163 2471 292 2528 'libellus
309 2475 456 2542 agnatione
473 2475 568 2528 ordine
578 2474 746 2541 discesserit,
764 2475 923 2542 quaerenda
939 2475 1000 2529 orit.
1025 2475 1115 2542 Atque
1131 2472 1159 2525 in
1170 2471 1332 2540 prioreqoi·

163 2563 224 2616 dem
239 2563 324 2615 rerba
354 2563 411 2616 hic
426 2562 613 2630 placidam
643 2579 705 2616 curn
728 2564 771 2630 iis,
791 2579 806 2615 a
823 2563 922 2630 quibus
939 2563 1107 2630 hexameter,
1125 2559 1171 2630 qni
1184 2559 1331 2628 antecedit,

162 2650 270 2704 initium
286 2651 370 2720 capit,
387 2665 437 2719 pro
454 2650 654 2705 sententiarum
670 2651 848 2706 similitudine
865 2667 1017 2706 consonare
1033 2655 1117 2720 poeta
1134 2649 1232 2702 voluit.
1262 2647 1334 2702 Nam

161 2739 307 2794 Disaenius
324 2753 365 2809 eo,
382 2738 456 2808 quod
472 2739 629 2809 oppositam
643 2739 850 2808 esseplaoidam
868 2755 969 2808 aquarn
982 2743 1054 2806 equo
1070 2738 1169 2806 rapido
1184 2736 1260 2804 dicit,
1274 2742 1333 2790 tue·

162 2835 209 2882 tur
225 2827 335 2896 quidem
344 2828 417 2896 quod
434 2827 512 2882 libris
521 2828 590 2882 satis
607 2828 743 2883 firmatum
753 2835 796 2884 est
805 2828 977 2896 adjectivum,
994 2841 1049 2880 non
1066 2831 1158 2880 summ
1174 2823 1334 2892 scrupulum

162 2916 267 2971 refutat
283 2914 376 2970 Vossii
391 2921 420 2969 et
435 2915 571 2970 Haschhii
586 2917 614 2970 in
631 2917 693 2984 ipsa
709 2916 891 2972 consonantia
907 2915 1112 2969 offendentium.
1143 2915 1232 2981 Quam
1249 2911 1273 2966 si
1288 2911 1333 2965 Ti-

163 3005 257 3060 bullus
273 3005 424 3070 noluisset,
448 3004 617 3072 oppositioni
633 3019 688 3058 non
711 3011 818 3058 tanturn
841 3002 1018 3072 indulsisset,
1042 3008 1073 3056 ut
1089 3018 1150 3056 eam
1167 3000 1333 3067 admitteret,

163 3107 234 3160 quae
251 3093 316 3160 quin
333 3107 388 3146 uon
404 3092 441 3146 sit
456 3091 674 3160 conspicuafieri
691 3093 794 3160 nequit.
827 3093 857 3145 ln
867 3093 955 3146 altero
972 3098 1065 3146 autem
1081 3107 1162 3144 versu
1177 3094 1261 3158 poeta
1273 3103 1332 3142 rer·

162 3182 259 3234 borum
276 3181 372 3244 ordine
388 3186 494 3235 mutato
512 3181 613 3235 coloris
630 3180 754 3234 mutandi
772 3195 840 3248 opus
857 3179 1005 3248 depingere
1022 3179 1142 3233 voluisse
1158 3176 1276 3232 videtur.

155 3310 159 3318 .
250 3268 314 3322 Jam
329 3284 394 3324 vcro
411 3276 442 3324 ut
459 3270 492 3323 de
509 3269 543 3323 iis
566 3267 691 3324 versibus
707 3269 862 3336 videamus,
879 3268 907 3321 in
931 3267 1030 3336 quibus
1048 3283 1107 3322 cum
1130 3265 1271 3320 firmitatis
1287 3263 1334 3317 de·

163 3357 295 3411 trimento
312 3361 362 3410 ant
392 3363 539 3426 utrumque
563 3364 613 3411 aut
643 3356 762 3411 alterum
792 3363 884 3410 utrum
913 3357 1148 3411 substantivorum
1179 3352 1326 3418 antecedit,

161 3463 210 3501 sex
240 3445 357 3514 reperiri
378 3451 496 3512 possunt
517 3446 613 3500 variae
645 3446 766 3514 speeies,
799 3433 908 3524 tibiali,
941 3432 1049 3522 abiline,
1082 3431 1192 3520 alilah,
1225 3429 1333 3518 asiqbct,

161 3522 272 3612 ablati,
303 3521 414 3611 ablssa.
446 3533 484 3586 ut
507 3536 648 3588 amborum
672 3535 782 3603 quidem
799 3532 1034 3588 substantivorum
1043 3529 1236 3600 praeeuntium
1250 3544 1334 3583 unum
1436 3579 1437 3602 ,

161 3623 315 3678 invenimus
331 3621 486 3691 exemplum
500 3621 583 3690 idque
599 3622 797 3690 Tibullianum,
815 3622 882 3690 115,
900 3623 947 3676 50.
985 3619 1127 3674 Posterius
1145 3617 1244 3673 deinde
1260 3615 1334 3685 apud
1436 3641 1437 3662 ι

161 3712 303 3766 Tibullum
320 3715 434 3779 quater,
459 3709 534 3778 apud
550 3710 720 3779 Lygdamum
745 3710 830 3766 semel
854 3709 953 3778 praeit.
985 3707 1102 3777 Saepius
1116 3723 1181 3761 vero
1195 3702 1335 3760 antecedit
1436 3763 1437 3772 ¹

161 3800 239 3869 prius
256 3798 468 3855 substantivum.
507 3797 603 3867 Neque
620 3804 714 3852 tamen
730 3798 822 3852 omnia
838 3813 910 3867 quae
926 3797 1009 3868 hujus
1025 3797 1065 3852 rei
1081 3800 1194 3851 exstant
1209 3791 1335 3860 exempla
1436 3833 1437 3852 ,

162 3902 251 3957 aeque
266 3901 327 3942 sese
343 3887 456 3942 habeut.
486 3886 599 3940 Etenim
613 3885 731 3955 primum
746 3886 760 3939 l
777 3889 805 3954 3,
822 3888 857 3940 36

265 3973 386 4034 tellas
401 3975 430 4031 in
445 3975 545 4044 longas
560 3973 823 4043 eatpataiaota
838 3973 909 4030 uas.
