2912 4328
639 117 836 188 ...e-

152 325 212 393 17,
233 321 502 378 lisiacollocavit:
534 320 690 376 Carnuti
719 325 756 376 et
785 320 898 389 ilari,
921 312 1326 390 sinonoppositionis,certe

153 413 213 481 ejus
229 411 385 480 elegantiae
403 403 489 466 causa
504 410 532 464 id
548 409 726 479 factumest,
750 425 806 478 qua
820 408 937 478 primam
958 409 1126 479 pentametri
1149 410 1242 467 sedem
1257 425 1325 467 voce

153 501 306 569 spondiaca
321 499 441 553 obtineri
456 504 567 553 vetatur
582 512 708 566 quaeque
724 498 903 566 quamlonge
920 498 995 566 apud
1011 504 1123 553 nostros
1144 504 1244 567 poetas
1260 514 1324 567 per·

153 589 242 643 tineat
258 593 357 656 postea
373 585 535 641 videbimus.
581 587 677 654 Neque
693 585 764 642 enim
781 585 939 655 Lygdamus
955 586 1066 654 quidde
1082 602 1115 640 ea
1132 586 1259 654 senserit,
1265 587 1325 655 jam

153 678 205 732 hoc
221 677 282 731 loco
299 691 465 743 cognoscere
481 674 555 743 licet
572 673 741 744 quoniame,
763 676 800 727 12
820 672 982 730 mendaci
1012 690 1134 730 somno
1168 677 1210 730 40
1241 675 1325 730 feli·

154 781 215 820 ces
247 770 382 818 cantus
415 766 443 831 6,
462 765 499 816 24
522 762 699 817 Cadmeae
729 762 859 817 matris
890 763 925 817 ob
946 763 1209 833 madaurensem,
1240 769 1325 831 quam

152 852 249 922 paullo
267 859 330 906 ante
348 851 474 918 diximus,
492 851 559 904 nihil
575 852 703 919 prffohant

242 941 280 994 At
296 940 365 1016 certi
381 939 487 1008 aliquid
503 939 537 994 de
552 940 595 995 his
618 939 701 993 rebus
717 937 886 1008 reperietur,
909 927 934 994 si
948 944 977 994 et
1000 954 1048 995 eos
1069 905 1182 1010 versus,
1206 955 1326 1009 quorum

153 1034 271 1098 utraque
287 1044 354 1096 pars
379 1029 467 1082 altero
484 1027 622 1082 nominum
635 1027 847 1096 jungendorum
859 1027 1039 1097 terminatur,
1063 1029 1324 1097 perlustraverimus

145 1123 182 1171 ‚et
193 1132 254 1184 eos,
272 1132 388 1186 quorum
404 1117 431 1168 in
448 1115 540 1184 priore
557 1115 728 1170 hemistichia
745 1117 780 1169 ab
797 1115 937 1183 aequabili
952 1117 1002 1169 illa
1019 1116 1148 1172 collocat
1128 1123 1204 1171 trono
1220 1117 1322 1173 disces·

154 1221 215 1259 snm
229 1212 282 1258 est,
330 1205 370 1258 Ac
386 1205 502 1272 primum
520 1203 630 1272 quidem
645 1204 756 1258 Tibullo
773 1204 959 1272 gratissimam
975 1220 1036 1259 eam
1051 1204 1136 1260 fuisse
1146 1206 1246 1260 docent
1262 1221 1322 1259 rer-

154 1308 201 1348 sus
217 1294 276 1348 257
293 1307 327 1348 ea
344 1298 404 1348 arte
421 1291 556 1347 exornati.
603 1291 656 1358 Qui
671 1307 800 1346 numerus
816 1309 878 1347 cum
889 1293 964 1362 plus
985 1293 1098 1365 tertiam
1113 1294 1233 1350 omnium
1255 1309 1320 1363 par·

153 1387 210 1436 tem
230 1381 349 1451 efficiat,
372 1397 477 1436 summa
494 1395 561 1435 cura
577 1380 719 1434 Tibullum
734 1381 949 1445 concinnitatem
971 1381 1050 1436 illam
1073 1383 1242 1450 quaesivisse
1265 1398 1322 1436 ma·

154 1483 291 1538 quumque
307 1470 473 1537 pentametri
495 1474 685 1523 ornamentum
700 1469 831 1524 habuisse
847 1475 973 1538 apparet.
1019 1469 1149 1527 Attamen
1164 1471 1245 1526 metri
1268 1471 1323 1526 ele·

154 1558 278 1627 gantiam
293 1558 382 1626 pluris
398 1557 554 1612 aestimavit
570 1573 652 1627 quam
668 1557 896 1626 aequabilitatem
911 1559 1113 1614 collocationis.
1130 1561 1202 1615 Nam
1218 1561 1263 1628 17,
1281 1563 1320 1614 30

236 1647 289 1700 'et
312 1653 479 1702 teneram
502 1646 605 1702 terro
627 1645 924 1704 sollicitavithumnm.
991 1667 994 1674 ⁴
1121 1635 1124 1642 ’

38 1727 39 1734 ‘
144 1738 179 1805 a,
198 1737 248 1790 aa.
258 1738 302 1803 ro,
312 1737 354 1789 42.
371 1735 399 1788 ιι
414 1737 439 1804 a,
450 1737 486 1790 aa
503 1735 621 1788 alterum
637 1749 735 1788 nomen
751 1750 812 1790 eam
828 1736 863 1789 oa
879 1751 992 1790 causam
1009 1719 1030 1789 ι’
1041 1735 1142 1804 prioris
1158 1735 1324 1792 aenaeam

154 1823 207 1878 fine
224 1824 348 1891 removit,
365 1823 440 1891 quod
457 1823 597 1901 dactylum
613 1823 735 1892 spondeo
752 1829 898 1893 exceptum
913 1825 1010 1878 voluit.
1040 1825 1079 1879 Et
1101 1825 1189 1880 eidem
1212 1825 1323 1892 elegan-
1358 1821 1359 1826 ’

154 1912 210 1966 tiae
227 1918 258 1967 ut
274 1911 398 1981 serviret,
416 1913 430 1965 Ι
447 1915 475 1982 9,
495 1913 530 1964 72
561 1945 564 1950 -
749 1924 752 1929 ’
959 1935 961 1940 ·
1362 1904 1364 1908 ’

262 2001 444 2063 devoveat
466 2015 532 2069 pro
556 2016 625 2070 quo
649 2017 760 2069 remque
777 2001 940 2070 domumque
956 2007 1034 2057 tuam

154 2105 217 2142 eum
232 2088 377 2143 verborum
394 2089 517 2142 ordinem
541 2095 706 2158 aspernatus
729 2096 781 2159 est,
803 2091 853 2158 qui
876 2089 1028 2160 simplicior
1050 2097 1078 2145 et
1099 2091 1188 2159 magis
1210 2089 1321 2144 eratin

50 2179 52 2184 “
154 2183 292 2245 promptu.
309 2177 611 2252 Aonesensuiquidenr¹
623 2178 763 2232 Tibullum
780 2179 820 2232 ita
836 2177 994 2248 indulsisse,
1002 2186 1034 2234 ut
1049 2180 1174 2248 graviore
1190 2192 1254 2230 voce
1271 2175 1320 2228 rni-

154 2281 221 2318 nore
230 2266 256 2320 vi
264 2265 409 2336 praeditae
418 2267 1096 2335 antepositametriillamelegantiamlaederet,hi
1106 2267 1320 2320 docentreraus:

199 2354 212 2406 I
230 2357 258 2423 2,
277 2352 316 2408 66
333 2354 440 2408 ferreus
456 2355 503 2408 ille
520 2355 580 2424 fuit,
598 2355 687 2424 quite
704 2373 765 2411 cum
780 2362 877 2424 posset
891 2356 1005 2424 habere,

367 2441 549 2498 maluerit
565 2444 727 2513 praedas
744 2444 847 2498 stultus
863 2450 891 2498 et
908 2459 985 2500 arma
1002 2444 1088 2512 aequi.

201 2535 228 2598 3,
248 2529 287 2586 90
304 2536 363 2586 tum
378 2532 485 2604 veniam
500 2533 602 2600 subito,
619 2549 669 2587 neo
685 2532 830 2601 quisquam
846 2529 955 2588 nuntiet
970 2539 1044 2602 anta,

322 2619 370 2673 sed
386 2620 517 2674 videar
534 2621 643 2674 caelo·
655 2621 755 2676 missus
772 2621 870 2676 adesse
886 2622 946 2678 tibi.

154 2708 242 2774 Quam
258 2708 343 2777 igitur
358 2709 445 2776 legem
462 2714 608 2777 tantopere
623 2709 786 2778 praevalere
802 2710 871 2764 haec
886 2709 1014 2778 exempla
1038 2708 1190 2764 clarissime
1213 2707 1325 2762 demon·

156 2803 256 2865 strant,
265 2797 293 2851 in
310 2797 409 2865 quibus
425 2797 549 2853 versibus
565 2813 600 2853 ea
615 2798 749 2871 facultate
766 2800 850 2853 verba
865 2798 1020 2853 invertendi
1036 2798 1103 2851 data
1119 2797 1246 2865 neglecta
1262 2810 1324 2850 esse

155 2885 273 2953 videtur,
290 2893 334 2939 est
350 2902 398 2940 cur
422 2885 499 2940 iniis
525 2887 698 2941 subtiliorem
713 2897 830 2942 causam
849 2888 964 2940 subesse
986 2886 1166 2953 suspicemur.
1198 2885 1237 2938 Et
1259 2889 1324 2939 sunt

154 2973 226 3028 inter
242 2988 336 3028 omnes
353 2974 399 3041 qui
415 2975 455 3027 ita
473 2973 530 3028 ficri
546 2981 611 3028 sunt
625 2981 822 3043 pentametros,
840 2981 871 3028 ut
887 2974 914 3027 in
930 2975 1023 3042 priore
1039 2973 1213 3040 hemistichia
1229 2973 1325 3042 dacty-

155 3063 199 3116 lus
215 3062 367 3130 spondeum
383 3062 513 3131 excipiat,-
529 3068 587 3118 tres
603 3063 691 3132 talos,
708 3063 853 3132 inquibus
870 3062 942 3116 alter
963 3063 1065 3133 pedum
1090 3063 1159 3118 ordo
1193 3061 1325 3116 facillime

154 3150 227 3206 effici
242 3151 373 3220 potuerit,

199 3238 237 3292 IV
256 3241 284 3306 3,
301 3241 333 3293 16
352 3246 381 3293 et
396 3239 531 3294 demam
547 3239 665 3296 celari
680 3240 772 3295 ferrea
787 3238 879 3303 ¹vincla
895 3239 965 3294 cani.

200 3327 1005 3398 19,1oincuntinstabilassiueracamarata.

199 3417 268 3483 114,
286 3417 303 3468 4
322 3421 350 3470 et
366 3431 556 3484 numquam
572 3417 709 3472 misero
725 3417 817 3472 uincla
832 3418 948 3473 remittit
964 3419 1058 3473 Amor.

155 3504 227 3560 Nam
251 3504 309 3573 17,
328 3505 367 3559 64

262 3592 319 3647 liba
335 3598 363 3646 et
379 3592 525 3660 Mopsopio
542 3592 636 3649 dulcia
651 3593 732 3648 melle
747 3593 835 3648 ieram

155 3681 266 3736 facilius
282 3695 332 3749 pro
349 3679 428 3752 liba
451 3687 489 3734 et
505 3681 724 3751 scriborepotuit
739 3682 767 3736 li
777 3683 793 3734 b
803 3677 929 3752 aque¹),
947 3683 1020 3751 quod
1030 3699 1078 3737 cur
1087 3698 1142 3737 non
1151 3678 1324 3751 praetulerit,

156 3785 216 3824 cum
233 3769 260 3823 in
277 3769 402 3823 omnibus
419 3768 553 3824 similibus
569 3776 598 3824 et
613 3770 794 3839 pentametris
811 3776 839 3824 et
854 3772 1023 3826 hexametris
1039 3772 1062 3838 (Ι
1083 3775 1108 3841 2,
1134 3773 1179 3824 22.
1204 3771 1220 3821 7
1227 3771 1253 3822 7.
1279 3767 1326 3822 82.

157 3883 370 3896 m

247 3952 266 4021 ¹)
287 3950 331 4006 Sic
351 3950 449 4008 scribit
466 3951 670 4010 Broukhnsins.
