2912 4328
649 25 869 98 ..20-

275 236 305 289 et
319 229 429 288 tantdm
442 233 576 288 venerate
590 221 719 300 rirdm¹);
791 276 795 282 .
1068 277 1070 282 ,

170 319 340 392 posteriores
355 333 420 376 sero
437 335 499 376 cum
514 333 547 374 eo
562 317 674 374 interae
683 323 846 388 congruant,
855 318 929 388 quod
944 319 980 374 ab
996 318 1092 374 eodem
1107 334 1175 376 sono
1191 319 1351 392 incipiunt,

170 411 257 466 rerba
273 407 375 464 similia
390 405 517 464 similiter
532 412 561 461 et
576 405 701 462 ordinari
715 412 744 461 et
759 405 824 462 acui
839 399 989 477 possunt²),
1006 413 1041 470 ut¹

277 496 436 567 requiescat
449 495 558 565 humus,
574 494 733 564 requiescat
749 499 853 550 arator.
1337 547 1346 560 „

171 584 282 642 Neutre
296 591 390 640 antem
404 586 504 639 harum
519 598 611 639 rerum
625 583 764 639 consentit
778 582 868 652 prima
882 598 949 654 pare
965 599 1026 639 cum
1040 582 1133 639 tertia.
1164 583 1231 639 Jarn
1245 587 1279 638 nt
1294 602 1350 640 cu·

169 675 270 745 jusque
287 672 396 743 genens
411 671 539 742 exempla
554 685 753 740 enumeremus,
769 671 851 741 primi
866 671 976 742 quidem
990 671 1060 728 haec
1075 676 1172 727 suntr.

279 762 334 830 Ia,
351 763 392 816 47
409 775 466 816 non
481 760 565 830 acies,
581 775 637 814 non
652 759 695 814 ira
709 759 772 816 tuit.

176 852 220 921 10,
239 853 267 906 9.
283 849 311 904 11
330 849 421 919 1,37.
438 851 469 920 ὅ,
485 849 535 904 ta.
552 847 593 904 tv
609 849 644 918 4,.
656 849 702 904 28.
733 847 857 903 Alterius
874 852 967 902 autem
989 853 1067 905 certa
1088 847 1216 921 exempla
1238 849 1351 905 mueni-

172 944 259 996 untur
272 939 359 995 haec:

278 1025 306 1081 11
325 1029 352 1096 1,
370 1028 386 1082 5
404 1025 466 1081 luce
482 1039 565 1081 sacra
579 1024 738 1095 requiescat
752 1025 860 1094 humus,
877 1023 1035 1093 requiescat
1050 1030 1156 1080 arator.

175 1115 223 1170 17.
239 1115 266 1184 6,
284 1116 312 1169 9.
342 1115 358 1170 1
374 1115 403 1184 7,
423 1116 472 1168 11.
503 1112 625 1180 Quorum
643 1113 679 1168 ad
694 1111 901 1170 similitudinem
915 1112 949 1180 in
960 1110 1004 1168 his
1019 1127 1144 1182 quoque:

293 1202 309 1257 1
325 1203 353 1271 7,
370 1203 410 1256 49
428 1202 482 1256 huc
498 1200 565 1256 ades
581 1206 609 1257 et
624 1201 734 1270 genium
749 1202 817 1257 ludo
833 1200 997 1270 geniumque
1014 1200 1132 1256 choreis.
1192 1255 1194 1260 .

206 1337 207 1340 ,
278 1289 307 1343 11
323 1293 352 1360 5,
368 1291 409 1345 te
428 1295 492 1344 aute
509 1289 605 1344 oculos
620 1289 747 1345 Laurens
762 1296 886 1346 cestrum
901 1303 1049 1358 murusque
1065 1286 1192 1357 Lariuist
1286 1325 1303 1339 ..

278 1425 281 1430 .
352 1380 412 1433 105
427 1392 497 1446 pace
513 1383 563 1432 tua
577 1383 694 1446 pereant
710 1393 792 1434 arcus
807 1382 978 1447 pereantque
994 1376 1115 1446 sagittae
1210 1413 1213 1420 -

170 1472 201 1522 et
216 1465 471 1534 semiseptenariam
484 1463 667 1535 principalem
682 1481 826 1522 caesuram
835 1464 993 1534 putabimus
1009 1469 1037 1518 et
1052 1480 1107 1518 non
1117 1462 1346 1520 eamdiatinctio·

171 1569 243 1624 nem,
261 1568 332 1622 quae
346 1557 412 1622 post
426 1553 538 1608 tertiam
554 1553 630 1608 arsin
644 1552 721 1608 facta
736 1560 788 1622 est,
806 1554 881 1610 velud
896 1553 925 1608 in
939 1553 993 1608 hoc
1008 1567 1106 1608 versu:

277 1656 333 1696 non
348 1654 400 1710 ego
415 1645 443 1696 te
460 1628 692 1718 laesilprudens:
703 1629 724 1722 Η
741 1641 852 1710 ignosce
868 1639 977 1710 fatenti,

171 1729 221 1784 sed
236 1728 456 1784 trithemimerim
470 1727 547 1784 illins
556 1727 751 1787 adminiculum
766 1729 937 1785 habebimus.
953 1728 998 1784 Ad
1006 1728 1119 1785 tertium
1128 1727 1244 1805 denique
1254 1745 1344 1798 genus

170 1816 216 1872 hic
230 1833 303 1887 uuus
318 1817 455 1886 pertinet:
876 1863 877 1870 ,

277 1904 305 1958 Il
320 1905 346 1976 3,
366 1908 380 1959 1
398 1921 467 1962 rura
481 1921 579 1976 meam,
596 1905 828 1976 Cornute,tenent
842 1905 981 1974 villaeque
996 1905 1128 1974 puellam.

260 1991 298 2047 lli
313 1991 399 2062 igitur
414 1993 567 2050 hexametri
584 1994 690 2050 Tibulli
705 1999 778 2050 sunt.
802 1993 960 2064 Lygdamus
976 1993 1079 2049 nullius
1090 1993 1198 2062 generis
1214 1993 1343 2063 exempla

171 2081 257 2138 habet
273 2086 360 2136 certa.
391 2081 490 2150 Itaque
506 2097 540 2137 ue
556 2082 585 2138 in
599 2083 643 2138 hie
660 2083 783 2153 quidem:
811 2133 815 2138 .
918 2131 922 2137 .

280 2171 308 2239 2,
350 2171 373 2225 1-
384 2167 432 2238 qui
446 2168 552 2238 primus
568 2185 661 2226 caram
674 2170 769 2241 juveni
784 2185 933 2239 carumque
950 2170 1071 2239 puellae.

281 2259 309 2325 ³,
328 2257 367 2312 at
384 2272 428 2312 me
443 2263 523 2312 vocet
538 2258 567 2312 iu
583 2263 676 2314 vastos
693 2273 789 2314 amnes
802 2258 964 2328 nigramque
982 2257 1113 2327 paludem

173 2344 242 2402 satis
259 2350 478 2415 constat,utrum
494 2343 721 2418 semiseptenaria
737 2362 774 2404 an
790 2345 988 2416 semiquinaria
996 2345 1128 2415 primaria
1138 2359 1253 2401 caesura
1267 2342 1340 2398 exis-

172 2432 298 2490 timanda
313 2433 359 2489 sit.

261 2521 304 2576 Ac
315 2521 374 2590 J'am
389 2519 422 2576 dc
439 2521 528 2575 altero
538 2521 733 2577 concinnitatis
741 2536 841 2591 genere
857 2521 1097 2593 iterideamns,ut
1113 2519 1341 2590 quemadmodum

173 2625 260 2680 supra
275 2609 315 2666 sic
330 2607 375 2664 hic
391 2608 461 2664 illud
478 2609 626 2686 artificium
641 2608 829 2666 adsciscamus
853 2615 948 2680 partes
972 2625 1068 2664 versus
1091 2624 1124 2663 eo
1149 2606 1339 2680 conjungendi,

173 2699 248 2768 quod
264 2698 375 2756 omnino
397 2697 536 2753 nominum
558 2699 765 2754 cohaerentium
788 2698 907 2754 alterum
928 2698 956 2752 in
979 2698 1052 2755 hanc
1074 2698 1192 2753 alterurn
1215 2696 1341 2752 inillam

174 2785 351 2843 distribuitur
367 2791 450 2854 atque
467 2786 508 2841 ite
523 2787 649 2857 quidem,
665 2793 697 2841 ut
713 2787 879 2856 adjectivum
895 2785 951 2842 sive
967 2785 1144 2856 participium
1160 2784 1340 2852 substantivo,

174 2876 211 2930 ad
227 2874 301 2945 quod
315 2873 445 2943 pertinet,
462 2879 512 2928 aut
527 2875 676 2942 genetivus
686 2874 950 2943 substantivo,unde
967 2875 1077 2944 pendet,
1087 2874 1247 2943 praecedat.
1271 2873 1341 2928 Nam

174 2977 246 3033 quae
262 2959 454 3030 conjungenda
469 2967 535 3017 sunt
549 2963 661 3017 nomina
676 2963 701 3018 si
716 2963 805 3020 eidem
820 2978 917 3018 remus
931 2963 1005 3034 parti
1021 2963 1124 3033 meunt,
1140 2967 1236 3018 utrum
1248 2976 1341 3018 eorum
1428 3031 1429 3036 η

174 3145 326 3202 secuudum
343 3160 385 3211 ea,
405 3158 475 3214 quae
493 3143 688 3200 bethmannus
707 3146 743 3202 ad
760 3147 842 3216 Prop.
861 3146 876 3200 Ι
892 3149 918 3212 h,
937 3149 973 3204 20
997 3146 1031 3200 de
1049 3146 1101 3201 hoc
1119 3157 1223 3215 genere
1247 3157 1340 3198 conso-

174 3215 289 3272 nantiae
308 3213 384 3282 dicit,
404 3214 539 3284 siquidem
557 3215 587 3271 in
600 3221 775 3286 pentametro
794 3216 915 3282 eveniat,
932 3216 1024 3286 minus
1040 3217 1134 3285 placet
1151 3229 1240 3282 neque
1253 3213 1340 3277 ullum
1428 3237 1429 3250 ι

175 3286 254 3342 aliud
272 3285 333 3358 ejus
351 3287 425 3342 modi
444 3287 600 3356 exemplum
617 3287 691 3358 apud
709 3293 821 3343 nostros
839 3292 937 3356 poetas
955 3286 1107 3343 iuvenitur.

265 3357 285 3426 ¹)
303 3356 389 3428 illegi
406 3357 458 3412 hoc
480 3358 635 3427 exemplum
653 3373 688 3414 ex
705 3359 796 3416 altero
820 3373 924 3428 genere
947 3371 1089 3422 umanum,
1109 3357 1144 3412 de
1162 3355 1261 3424 quibus
1279 3369 1338 3408 mox
1428 3393 1429 3402 ,

174 3427 350 3493 disseremus,
369 3426 499 3496 quoniam
512 3427 588 3484 iuter
605 3443 660 3494 coe,
680 3429 728 3498 qui
741 3431 796 3485 hnc
809 3429 960 3498 pertinent,
976 3429 1085 3484 nullum
1099 3427 1247 3496 reperitur.
1274 3425 1338 3479 Nam

175 3497 312 3624 guodlhic
330 3499 363 3552 de
382 3495 478 3554 duinm
496 3499 680 3556 consonantia
698 3499 817 3556 diximus
837 3503 866 3554 et
884 3498 988 3554 dicturi
1005 3513 1114 3564 sumus,
1133 3497 1205 3552 idem
1224 3497 1339 3564 quadrat

173 3585 233 3626 1111
256 3584 297 3624 os.
1069 3624 1071 3628 .

263 3640 284 3710 ⁸)
303 3639 463 3696 Extremam
481 3637 610 3698 nimirum
628 3639 765 3710 syllabam
783 3653 845 3696 oum
869 3640 961 3696 altera
979 3653 1044 3710 pars
1063 3639 1166 3696 habeat
1184 3638 1282 3704 ictam,
1300 3633 1337 3689 al·
1428 3659 1429 3664 κ

174 3713 237 3766 tera
255 3709 289 3766 de
309 3724 421 3778 reusam,
440 3723 497 3768 nou
515 3709 678 3768 odendlmus
696 3711 726 3768 lu
745 3711 797 3770 hoo
815 3725 913 3768 versu:

327 3784 352 3849 1,
370 3781 406 3839 ht
423 3783 484 3838 tum
502 3779 562 3850 tibi,
581 3781 655 3850 lena,
693 3795 773 3840 reoor
791 3781 881 3840 distas
898 3780 969 3840 ratis
987 3779 1072 3838 euxia
1089 3781 1178 3838 uras.

175 3849 217 3910 (11.
234 3847 443 3912 tamarum
459 3849 497 3912 ed
513 3849 597 3928 erup.
614 3849 630 3910 1
648 3795 692 3922 1⁸⁹,
710 3853 754 3912 lh.
