2912 4328
584 100 802 187 -2“3.·.

103 321 168 387 post
185 326 330 374 caesuram
346 313 390 372 ita
406 313 528 390 positum
546 320 604 383 est,
623 313 704 372 utin
722 319 825 384 quarta
842 313 900 370 arsi
918 313 1078 372 claudatur.
1122 317 1198 384 Quae
1217 317 1274 372 col·

103 405 207 470 locatio
227 419 290 460 eum
308 404 378 460 satis
397 419 481 474 saepe
495 394 633 474 usurpato
651 404 704 472 sit,
730 409 807 459 recte
824 402 1100 474 Wackernagelius1)
1120 404 1149 459 in
1168 405 1274 461 talibus

102 493 231 550 uersibus
249 497 315 564 port
333 498 462 562 quartam
480 493 557 549 arsin
575 509 631 549 nou
650 493 761 561 quidem
778 491 968 561 principalem,
984 498 1015 547 at
1033 497 1108 547 certe
1126 507 1197 560 quae
1211 511 1275 563 gra·

103 581 166 636 vior
185 597 267 649 quam
285 586 394 637 ceterae
412 581 452 636 sit
470 581 679 636 distinctionem
693 581 790 636 adesse
809 579 930 650 colligit.
965 579 1005 636 Et
1022 579 1152 635 Tibullus
1171 597 1231 636 eam
1244 582 1275 636 iu

103 673 140 726 52
158 668 326 725 hexametris
345 669 481 725 adhibuit.
517 670 652 724 Attamen
671 684 732 722 curn
750 669 803 723 hac
821 668 931 723 ratione
949 668 1071 737 partium
1092 668 1275 735 aequabilita-

103 757 143 823 tis
158 745 297 823 deleatur,
310 761 424 826 poetam
442 759 569 811 nostrum
586 771 643 810 non
662 755 721 811 sine
741 771 826 810 causa
845 771 905 810 eam
923 756 1008 811 alteri
1026 755 1195 830 praetulisse
1209 757 1275 827 jure

103 845 313 914 suspicabimur.
349 845 390 899 Et
408 844 504 914 coegit
522 848 573 898 eut
589 848 709 898 metrum
726 843 818 912 ipsum
836 848 887 899 aut
904 843 965 912 ipsa
983 843 1042 899 sive
1067 844 1275 899 sententiarum

103 933 162 990 sive
180 934 329 990 verborum
347 931 421 986 ratio
440 931 470 986 in
489 931 625 998 versibus,
646 931 742 1000 quales
762 937 829 988 sunt
846 931 889 986 hi:

209 1021 269 1097 11,
305 1024 321 1078 1
340 1018 454 1074 divitias
473 1019 546 1074 alius
563 1009 642 1076 solvo
661 1019 715 1074 sibi
734 1025 871 1090 congerat
888 1034 965 1076 auro.

182 1165 185 1168 .
241 1111 269 1185 Ι3,
288 1111 323 1164 91
341 1102 402 1162 tuni
419 1107 494 1174 mihi,
514 1108 606 1176 qualis
626 1108 690 1175 eris,
710 1107 810 1178 longos
828 1105 944 1164 turbata
962 1108 1088 1178 capillos.
1141 1099 1143 1106 ’

163 1251 167 1266 -.
205 1255 207 1262 ,
242 1199 267 1263 2,
286 1199 320 1269 21
339 1196 392 1251 illa
408 1196 581 1254 virocoram
599 1201 685 1252 nutus
704 1196 832 1252 conferre
849 1197 989 1266 loquaces.

102 1283 268 1364 Porro14,
288 1280 322 1342 81.
462 1342 465 1350 ,

209 1373 338 1428 heuheu
356 1387 438 1440 quam
456 1373 638 1429 Marathus
657 1372 756 1428 leuto
774 1387 817 1427 me
835 1375 950 1459 torquet
968 1388 1060 1427 amoro

104 1475 229 1526 causam,
247 1465 363 1529 propter
382 1475 463 1528 quam
486 1456 654 1530 adjectirum
677 1465 742 1530 post
759 1455 904 1518 caesuram
929 1462 1096 1514 collocatum
1122 1459 1172 1526 sit,
1197 1464 1274 1516 recte

103 1547 286 1603 Disseuiuse
312 1549 515 1604 sententiarum
533 1547 644 1605 ratione
666 1549 779 1618 repetit
816 1549 889 1604 Cave
914 1549 999 1616 enim,
1019 1565 1053 1603 ue
1072 1565 1186 1603 numero
1213 1565 1275 1604 ver-

104 1634 209 1716 borum,
229 1625 300 1703 quae
318 1635 422 1690 inverti
440 1642 566 1705 possunt,
586 1636 735 1705 quidquam
752 1637 871 1694 tribuas.
906 1637 977 1692 Nam
990 1636 1120 1691 Tibullus
1138 1653 1201 1690 eum
1219 1652 1274 1690 om-

104 1721 171 1776 nino
192 1737 247 1778 non
266 1723 377 1779 curavit
395 1724 429 1796 dc
448 1717 627 1794 anapaestico
644 1741 747 1791 eorum,
768 1741 838 1793 quae
857 1729 923 1780 ante
938 1723 1162 1792 semiquinariam
1181 1725 1276 1778 locata

69 1866 72 1870 ,
103 1813 178 1876 sunt,
198 1812 334 1882 uumero²)
354 1843 387 1852 -
407 1813 489 1888 hujus
509 1815 582 1869 enim
599 1814 711 1883 generis
730 1813 816 1869 habet
832 1815 887 1870 244
914 1813 1033 1867 alterins
1052 1815 1106 1870 264
1122 1827 1221 1866 versus
1240 1841 1274 1851 -

103 1902 164 1952 tum
181 1888 248 1954 vero
267 1901 327 1969 eius
346 1916 431 1955 causa
449 1917 505 1956 nou
525 1901 654 1958 discessit
678 1917 696 1956 a
714 1900 904 1956 concinnitate
927 1900 1134 1966 collocationis,
1154 1901 1183 1954 id
1202 1900 1275 1967 quod

103 1987 178 2058 haec
191 1986 293 2054 docent
310 1987 451 2056 exempla:

106 2139 109 2146 ⁴
210 2074 284 2146 111,
302 2077 338 2131 45
356 2069 443 2131 aurea
460 2081 521 2132 tum
538 2077 679 2146 pressos
697 2076 847 2145 pedibus
866 2075 944 2131 dedit
961 2091 1017 2131 uva
1035 2075 1167 2143 liquores.

258 2163 284 2230 4,
303 2163 338 2220 53
357 2163 425 2232 quin
443 2163 529 2219 etiam
547 2152 647 2219 sedes
663 2161 791 2234 jubeat
808 2165 833 2218 si
850 2165 971 2222 vendere
990 2163 1090 2219 avitas.

102 2245 211 2304 Deinde
229 2249 262 2305 11
277 2253 302 2316 ὃ,
321 2251 356 2308 47

207 2353 271 2394 ecce
288 2339 357 2394 mihi
375 2339 500 2395 lucent
516 2339 665 2398 Rutulis
684 2339 814 2396 incendia
831 2339 933 2395 castris

102 2423 282 2480 manifestum
295 2432 339 2481 est
356 2428 482 2484 lucent
500 2429 534 2489 ab
553 2427 725 2483 incendia
738 2432 848 2506 poetam
861 2427 1025 2499 sejunxisse,
1040 2443 1074 2482 ne
1092 2426 1276 2493 consonantia

103 2513 241 2591 secundae
259 2514 407 2582 utriusque
425 2516 556 2572 vocabuli
573 2517 697 2584 syllabae
716 2516 797 2572 nimis
816 2517 955 2574 audiatur.
992 2516 1064 2571 Tum
1081 2517 1096 2571 1
1114 2519 1139 2582 2,
1158 2519 1193 2574 95
1309 2507 1318 2514 ’

209 2601 284 2681 hunc
302 2614 379 2671 puer,
398 2603 472 2656 hunc
487 2603 633 2672 juvenis
652 2605 763 2661 turba
781 2593 955 2662 circumterit
973 2609 1037 2660 arta

103 2703 137 2744 ea
155 2689 339 2757 concinnitas,
358 2705 431 2758 quae
448 2695 492 2744 est
509 2691 540 2745 in
557 2690 650 2748 verbis
673 2683 763 2747 hunc
786 2709 880 2762 puer,
909 2695 996 2748 hunc
1017 2691 1159 2762 juvenis
1187 2691 1276 2760 major

103 2776 160 2831 fuit
178 2792 259 2845 quam
277 2779 376 2834 altera.

193 2866 318 2934 Denique
336 2867 367 2922 iu
385 2867 444 2922 hist

235 2953 251 3007 1
286 2959 310 3022 1,
331 2959 364 3013 19
383 2955 435 3011 illa
454 2955 536 3012 docet
551 2955 677 3012 furtim
694 2953 790 3012 molli
809 2955 942 3012 decedere
960 2956 1045 3012 lecto.

336 3047 371 3100 13
389 3049 466 3100 etta
485 3044 549 3100 dum
568 3045 677 3100 liceat
694 3045 828 3101 teneris
845 3045 968 3101 retinere
987 3043 1134 3114 lacertis³).

291 3133 315 3196 3,
335 3133 369 3188 st
388 3132 437 3188 sed
455 3149 506 3200 me,
526 3134 598 3201 quod
616 3134 743 3189 facilis
762 3139 882 3189 tenero
902 3149 962 3188 sum
980 3147 1088 3202 semper
1105 3131 1209 3187 Amori.

290 3221 315 3285 8,
336 3221 369 3276 71
388 3219 433 3274 hio
451 3219 597 3277 Marathus
616 3223 781 3289 quondam
799 3222 943 3277 miseros
962 3221 1077 3276 ludebat
1095 3221 1251 3291 amantes).

289 3309 315 3374 9,
352 3312 368 3366 1
387 3307 454 3377 quid
471 3309 546 3375 mihi,
565 3309 594 3364 si
617 3311 739 3366 fueras
764 3310 911 3366 miseros
930 3311 1059 3366 laesurus
1079 3309 1216 3380 amores).

223 3394 253 3450 11
288 3395 314 3461 4,
353 3399 368 3452 7
387 3411 404 3450 o
423 3411 475 3466 ego
494 3411 529 3451 ne
547 3398 680 3465 possim
698 3398 790 3452 tales
810 3397 914 3454 sentire
929 3397 1076 3468 d.olores⁰)

104 3494 318 3507 m

103 3613 134 3655 re
136 3529 217 3667 (10²)
233 3525 404 3654 (ΧᾷἓιΙοέιίιΙιιι
423 3529 471 3585 des
490 3529 616 3586 leutsch
634 3529 704 3586 Her.
723 3546 750 3586 u.
768 3531 849 3586 Pent
867 3529 910 3586 bis
928 3529 980 3585 aui
995 3530 1159 3601 Klopstock.
1201 3528 1272 3584 Vor-

193 3670 215 3773 ζ)
235 3669 276 3724 cf
293 3669 326 3723 L
345 3669 473 3738 Mueller,
493 3671 527 3727 de
545 3686 576 3727 re
594 3675 674 3728 metr
689 3683 719 3742 p
737 3673 799 3728 144.

192 3743 215 3880 ζ
192 3739 408 3940 ἓὶιρὲιίῗέιῖξι
408 3741 508 3868 &cumini
525 3744 558 3872 ild
564 3747 682 3869 1nune
701 3813 813 3870 omnis
833 3813 911 3870 odit
928 3813 1057 3870 laslus.

193 3881 215 3953 1)
294 3881 425 3938 vossium
444 3883 597 3952 (Kritieche
615 3883 759 3955 Beitrbge'
768 3901 831 3940 zum
849 3885 991 3998 Tibullus)
1011 3885 1046 3938 ad
1065 3884 1090 3938 h.
1110 3883 1129 3938 l.

192 3952 215 4024 1)
235 3953 275 4010 Oi.
293 3953 455 4012 nussiam
471 3955 508 4011 sd
526 3956 553 4013 h.
572 3955 591 4011 1.
