<?xml version="1.0" encoding="UTF-8"?>
<!DOCTYPE html PUBLIC "-//W3C//DTD XHTML 1.0 Transitional//EN"
    "http://www.w3.org/TR/xhtml1/DTD/xhtml1-transitional.dtd">
<html xmlns="http://www.w3.org/1999/xhtml" xml:lang="en" lang="en">
 <head>
  <title>
</title>
<meta http-equiv="Content-Type" content="text/html;charset=utf-8" />
  <meta name='ocr-system' content='tesseract 3.04.00' />
  <meta name='ocr-capabilities' content='ocr_page ocr_carea ocr_par ocr_line ocrx_word'/>
</head>
<body>
  <div class='ocr_page' id='page_1' title='image "./deartibusquasti00krafgoog_0035.png"; bbox 0 0 2912 4328; ppageno 0'>
   <div class='ocr_carea' id='block_1_1' title="bbox 648 131 865 201">
    <p class='ocr_par' dir='ltr' id='par_1_1' title="bbox 648 131 865 201">
     <span class='ocr_line' id='line_1_1' title="bbox 648 131 865 201; baseline -0.005 -18"><span class='ocrx_word' id='word_1_1' title='bbox 648 131 865 201; x_wconf 72' lang='lat'><strong>..23-</strong></span> 
     </span>
    </p>
   </div>
   <div class='ocr_carea' id='block_1_2' title="bbox 163 329 1394 3061">
    <p class='ocr_par' dir='ltr' id='par_1_2' title="bbox 167 329 1343 478">
     <span class='ocr_line' id='line_1_2' title="bbox 168 329 1343 408; baseline 0.005 -18"><span class='ocrx_word' id='word_1_2' title='bbox 168 335 271 404; x_wconf 88' lang='lat' dir='ltr'><strong>tivum,</strong></span> <span class='ocrx_word' id='word_1_3' title='bbox 303 333 346 390; x_wconf 91' lang='lat' dir='ltr'><strong>ad</strong></span> <span class='ocrx_word' id='word_1_4' title='bbox 362 332 438 404; x_wconf 80' lang='lat' dir='ltr'><strong>quod</strong></span> <span class='ocrx_word' id='word_1_5' title='bbox 460 333 598 407; x_wconf 89' lang='lat' dir='ltr'><strong>pertinet,</strong></span> <span class='ocrx_word' id='word_1_6' title='bbox 630 341 802 406; x_wconf 83' lang='lat' dir='ltr'><strong>sequeretur,</strong></span> <span class='ocrx_word' id='word_1_7' title='bbox 825 337 862 394; x_wconf 83' lang='lat' dir='ltr'><strong>ab</strong></span> <span class='ocrx_word' id='word_1_8' title='bbox 885 329 1085 408; x_wconf 84' lang='lat' dir='ltr'><strong>aequabilitate</strong></span> <span class='ocrx_word' id='word_1_9' title='bbox 1109 335 1262 396; x_wconf 82' lang='lat' dir='ltr'><strong>discessum</strong></span> <span class='ocrx_word' id='word_1_10' title='bbox 1283 346 1343 397; x_wconf 83' lang='lat' dir='ltr'><strong>ent.</strong></span> 
     </span>
     <span class='ocr_line' id='line_1_3' title="bbox 167 423 1214 493; baseline -0.002 -15"><span class='ocrx_word' id='word_1_11' title='bbox 167 423 222 493; x_wconf 88' lang='lat'><strong>19,</strong></span> <span class='ocrx_word' id='word_1_12' title='bbox 238 424 271 476; x_wconf 87' lang='grc'><strong>71</strong></span> <span class='ocrx_word' id='word_1_13' title='bbox 288 427 380 478; x_wconf 89' lang='lat' dir='ltr'><strong>autem</strong></span> <span class='ocrx_word' id='word_1_14' title='bbox 1209 455 1214 466; x_wconf 37' lang='grc' dir='ltr'><strong><em>α</em></strong></span> 
     </span>
    </p>

    <p class='ocr_par' dir='ltr' id='par_1_3' title="bbox 168 510 1172 668">
     <span class='ocr_line' id='line_1_4' title="bbox 276 510 1079 582; baseline 0.005 -16"><span class='ocrx_word' id='word_1_15' title='bbox 276 524 331 566; x_wconf 90' lang='lat' dir='ltr'><strong>non</strong></span> <span class='ocrx_word' id='word_1_16' title='bbox 346 510 412 582; x_wconf 88' lang='lat' dir='ltr'><strong>tibi,</strong></span> <span class='ocrx_word' id='word_1_17' title='bbox 436 510 517 566; x_wconf 81' lang='grc' dir='ltr'><strong>ιιι·</strong></span> <span class='ocrx_word' id='word_1_18' title='bbox 504 512 636 580; x_wconf 61' lang='lat' dir='ltr'><strong>iuveni</strong></span> <span class='ocrx_word' id='word_1_19' title='bbox 658 513 804 568; x_wconf 86' lang='lat' dir='ltr'><strong>cuidam</strong></span> <span class='ocrx_word' id='word_1_20' title='bbox 825 514 886 571; x_wconf 87' lang='lat' dir='ltr'><strong>vult</strong></span> <span class='ocrx_word' id='word_1_21' title='bbox 901 515 977 570; x_wconf 87' lang='lat' dir='ltr'><strong>bella</strong></span> <span class='ocrx_word' id='word_1_22' title='bbox 989 513 1079 571; x_wconf 86' lang='lat' dir='ltr'><strong>videri</strong></span> 
     </span>
     <span class='ocr_line' id='line_1_5' title="bbox 168 599 1172 670; baseline -0.003 -14"><span class='ocrx_word' id='word_1_23' title='bbox 168 599 387 668; x_wconf 88' lang='lat' dir='ltr'><strong>substantivum,</strong></span> <span class='ocrx_word' id='word_1_24' title='bbox 404 599 478 668; x_wconf 84' lang='lat' dir='ltr'><strong>quod</strong></span> <span class='ocrx_word' id='word_1_25' title='bbox 493 599 600 670; x_wconf 81' lang='lat' dir='ltr'><strong>praeit,</strong></span> <span class='ocrx_word' id='word_1_26' title='bbox 617 607 645 656; x_wconf 88' lang='lat' dir='ltr'><strong>et</strong></span> <span class='ocrx_word' id='word_1_27' title='bbox 660 601 719 670; x_wconf 83' lang='lat'><strong>14,</strong></span> <span class='ocrx_word' id='word_1_28' title='bbox 738 605 774 658; x_wconf 76' lang='grc'><strong>57</strong></span> <span class='ocrx_word' id='word_1_29' title='bbox 1171 647 1172 653; x_wconf 74' lang='grc'>,</span> 
     </span>
    </p>

    <p class='ocr_par' dir='ltr' id='par_1_4' title="bbox 168 687 1340 1276">
     <span class='ocr_line' id='line_1_6' title="bbox 276 687 1170 748; baseline 0.004 -6"><span class='ocrx_word' id='word_1_30' title='bbox 276 689 329 743; x_wconf 90' lang='lat' dir='ltr'><strong>beu</strong></span> <span class='ocrx_word' id='word_1_31' title='bbox 345 687 417 742; x_wconf 89' lang='lat' dir='ltr'><strong>male</strong></span> <span class='ocrx_word' id='word_1_32' title='bbox 433 701 506 744; x_wconf 90' lang='lat' dir='ltr'><strong>nuuc</strong></span> <span class='ocrx_word' id='word_1_33' title='bbox 529 694 634 744; x_wconf 85' lang='lat' dir='ltr'><strong>artes</strong></span> <span class='ocrx_word' id='word_1_34' title='bbox 653 689 808 746; x_wconf 88' lang='lat' dir='ltr'><strong>miseras</strong></span> <span class='ocrx_word' id='word_1_35' title='bbox 831 687 906 748; x_wconf 90' lang='lat' dir='ltr'><strong>haec</strong></span> <span class='ocrx_word' id='word_1_36' title='bbox 916 692 1030 747; x_wconf 84' lang='lat' dir='ltr'><strong>saecula</strong></span> <span class='ocrx_word' id='word_1_37' title='bbox 1044 697 1170 747; x_wconf 84' lang='grc' dir='ltr'><strong>ιιιιιιιιι</strong></span> 
     </span>
     <span class='ocr_line' id='line_1_7' title="bbox 168 777 1340 850; baseline 0.003 -17"><span class='ocrx_word' id='word_1_38' title='bbox 168 777 343 847; x_wconf 78' lang='lat' dir='ltr'><strong>adjectivum,</strong></span> <span class='ocrx_word' id='word_1_39' title='bbox 360 777 434 846; x_wconf 86' lang='lat' dir='ltr'><strong>quod</strong></span> <span class='ocrx_word' id='word_1_40' title='bbox 450 777 583 847; x_wconf 89' lang='lat' dir='ltr'><strong>sequitur,</strong></span> <span class='ocrx_word' id='word_1_41' title='bbox 599 777 760 847; x_wconf 85' lang='lat' dir='ltr'><strong>primarium</strong></span> <span class='ocrx_word' id='word_1_42' title='bbox 776 785 919 835; x_wconf 87' lang='lat' dir='ltr'><strong>accentum</strong></span> <span class='ocrx_word' id='word_1_43' title='bbox 942 780 996 835; x_wconf 91' lang='lat' dir='ltr'><strong>sibi</strong></span> <span class='ocrx_word' id='word_1_44' title='bbox 1010 780 1178 850; x_wconf 76' lang='lat' dir='ltr'><strong>expostulat.</strong></span> <span class='ocrx_word' id='word_1_45' title='bbox 1209 778 1340 848; x_wconf 79' lang='lat' dir='ltr'><strong>Apparet</strong></span> 
     </span>
     <span class='ocr_line' id='line_1_8' title="bbox 168 861 1338 940; baseline 0.004 -21"><span class='ocrx_word' id='word_1_46' title='bbox 168 865 253 934; x_wconf 76' lang='lat' dir='ltr'><strong>igitur</strong></span> <span class='ocrx_word' id='word_1_47' title='bbox 274 864 415 920; x_wconf 80' lang='lat' dir='ltr'>Tibullum</span> <span class='ocrx_word' id='word_1_48' title='bbox 438 871 531 921; x_wconf 90' lang='lat' dir='ltr'><strong>cetera</strong></span> <span class='ocrx_word' id='word_1_49' title='bbox 554 861 664 936; x_wconf 87' lang='lat' dir='ltr'><strong>quidem</strong></span> <span class='ocrx_word' id='word_1_50' title='bbox 685 868 770 922; x_wconf 91' lang='lat' dir='ltr'><strong>verba</strong></span> <span class='ocrx_word' id='word_1_51' title='bbox 801 867 837 922; x_wconf 89' lang='lat' dir='ltr'><strong>ad</strong></span> <span class='ocrx_word' id='word_1_52' title='bbox 863 867 1044 924; x_wconf 73' lang='lat' dir='ltr'><strong>eminentiora</strong></span> <span class='ocrx_word' id='word_1_53' title='bbox 1067 867 1209 925; x_wconf 88' lang='lat' dir='ltr'><strong>reddenda</strong></span> <span class='ocrx_word' id='word_1_54' title='bbox 1232 868 1338 940; x_wconf 89' lang='lat' dir='ltr'><strong>sedem,</strong></span> 
     </span>
     <span class='ocr_line' id='line_1_9' title="bbox 170 953 1338 1027; baseline 0.004 -19"><span class='ocrx_word' id='word_1_55' title='bbox 170 969 240 1023; x_wconf 89' lang='lat' dir='ltr'><strong>quae</strong></span> <span class='ocrx_word' id='word_1_56' title='bbox 256 953 438 1023; x_wconf 79' lang='lat' dir='ltr'><strong>estproximo</strong></span> <span class='ocrx_word' id='word_1_57' title='bbox 455 961 520 1009; x_wconf 88' lang='lat' dir='ltr'><strong>ante</strong></span> <span class='ocrx_word' id='word_1_58' title='bbox 536 967 681 1010; x_wconf 87' lang='lat' dir='ltr'><strong>caesuram</strong></span> <span class='ocrx_word' id='word_1_59' title='bbox 695 955 927 1024; x_wconf 86' lang='lat' dir='ltr'><strong>semiquinariam,</strong></span> <span class='ocrx_word' id='word_1_60' title='bbox 947 957 1035 1026; x_wconf 75' lang='lat' dir='ltr'><strong>magis</strong></span> <span class='ocrx_word' id='word_1_61' title='bbox 1050 955 1178 1013; x_wconf 80' lang='lat' dir='ltr'><strong>idoneam</strong></span> <span class='ocrx_word' id='word_1_62' title='bbox 1193 956 1338 1027; x_wconf 85' lang='lat' dir='ltr'><strong>habuisse,</strong></span> 
     </span>
     <span class='ocr_line' id='line_1_10' title="bbox 171 1041 1338 1114; baseline 0.003 -17"><span class='ocrx_word' id='word_1_63' title='bbox 171 1042 308 1111; x_wconf 81' lang='lat' dir='ltr'><strong>adjectiva</strong></span> <span class='ocrx_word' id='word_1_64' title='bbox 324 1047 418 1098; x_wconf 90' lang='lat' dir='ltr'><strong>autem</strong></span> <span class='ocrx_word' id='word_1_65' title='bbox 434 1041 470 1096; x_wconf 91' lang='lat' dir='ltr'><strong>ad</strong></span> <span class='ocrx_word' id='word_1_66' title='bbox 485 1041 674 1111; x_wconf 86' lang='lat' dir='ltr'><strong>praedicanda</strong></span> <span class='ocrx_word' id='word_1_67' title='bbox 689 1059 751 1098; x_wconf 86' lang='lat' dir='ltr'><strong>eam</strong></span> <span class='ocrx_word' id='word_1_68' title='bbox 766 1041 987 1114; x_wconf 76' lang='lat' dir='ltr'><strong>collocationem,</strong></span> <span class='ocrx_word' id='word_1_69' title='bbox 1003 1061 1038 1100; x_wconf 87' lang='lat' dir='ltr'><strong>ex</strong></span> <span class='ocrx_word' id='word_1_70' title='bbox 1061 1061 1116 1114; x_wconf 89' lang='lat' dir='ltr'><strong>qua</strong></span> <span class='ocrx_word' id='word_1_71' title='bbox 1132 1044 1338 1105; x_wconf 86' lang='lat' dir='ltr'><strong>substantivum</strong></span> 
     </span>
     <span class='ocr_line' id='line_1_11' title="bbox 170 1125 1338 1202; baseline 0.003 -18"><span class='ocrx_word' id='word_1_72' title='bbox 170 1131 378 1200; x_wconf 88' lang='lat' dir='ltr'><strong>penthemimeri</strong></span> <span class='ocrx_word' id='word_1_73' title='bbox 402 1131 564 1200; x_wconf 85' lang='lat' dir='ltr'><strong>antecedat,</strong></span> <span class='ocrx_word' id='word_1_74' title='bbox 590 1131 756 1200; x_wconf 73' lang='lat' dir='ltr'><strong>adjectivum</strong></span> <span class='ocrx_word' id='word_1_75' title='bbox 771 1147 838 1188; x_wconf 82' lang='lat' dir='ltr'><strong>saur·</strong></span> <span class='ocrx_word' id='word_1_76' title='bbox 849 1139 990 1202; x_wconf 74' lang='grc' dir='ltr'><strong>ιιιιιιιιιι.</strong></span> <span class='ocrx_word' id='word_1_77' title='bbox 1022 1132 1114 1202; x_wconf 75' lang='lat' dir='ltr'><strong>Atque</strong></span> <span class='ocrx_word' id='word_1_78' title='bbox 1128 1125 1184 1188; x_wconf 88' lang='lat' dir='ltr'><strong>huo</strong></span> <span class='ocrx_word' id='word_1_79' title='bbox 1198 1133 1338 1189; x_wconf 79' lang='grc' dir='ltr'><strong>ιιιιιιιιιιι</strong></span> 
     </span>
     <span class='ocr_line' id='line_1_12' title="bbox 169 1219 569 1289; baseline -0.003 -14"><span class='ocrx_word' id='word_1_80' title='bbox 169 1225 234 1275; x_wconf 87' lang='lat' dir='ltr'><strong>eunt</strong></span> <span class='ocrx_word' id='word_1_81' title='bbox 249 1219 334 1275; x_wconf 84' lang='lat' dir='ltr'><strong>etrum</strong></span> <span class='ocrx_word' id='word_1_82' title='bbox 348 1219 416 1289; x_wconf 83' lang='lat'><strong>113</strong></span> <span class='ocrx_word' id='word_1_83' title='bbox 435 1221 481 1275; x_wconf 82' lang='lat'><strong>53</strong></span> <span class='ocrx_word' id='word_1_84' title='bbox 487 1225 517 1274; x_wconf 92' lang='lat' dir='ltr'><strong>et</strong></span> <span class='ocrx_word' id='word_1_85' title='bbox 532 1221 569 1276; x_wconf 82' lang='lat' dir='ltr'><strong>et</strong></span> 
     </span>
    </p>

    <p class='ocr_par' dir='ltr' id='par_1_5' title="bbox 275 1287 1035 1380">
     <span class='ocr_line' id='line_1_13' title="bbox 275 1287 1035 1380; baseline 0.005 -19"><span class='ocrx_word' id='word_1_86' title='bbox 275 1308 326 1362; x_wconf 86' lang='lat' dir='ltr'><strong>illa</strong></span> <span class='ocrx_word' id='word_1_87' title='bbox 342 1313 422 1376; x_wconf 78' lang='lat' dir='ltr'><strong>gerat</strong></span> <span class='ocrx_word' id='word_1_88' title='bbox 443 1314 569 1364; x_wconf 89' lang='lat' dir='ltr'><strong>vestes</strong></span> <span class='ocrx_word' id='word_1_89' title='bbox 590 1313 742 1380; x_wconf 82' lang='lat' dir='ltr'><strong>tenues,</strong></span> <span class='ocrx_word' id='word_1_90' title='bbox 767 1324 837 1379; x_wconf 85' lang='lat' dir='ltr'><strong>quas</strong></span> <span class='ocrx_word' id='word_1_91' title='bbox 852 1287 953 1365; x_wconf 81' lang='lat' dir='ltr'><strong>femina</strong></span> <span class='ocrx_word' id='word_1_92' title='bbox 969 1309 1035 1365; x_wconf 79' lang='lat' dir='ltr'><strong>Oea.</strong></span> 
     </span>
    </p>

    <p class='ocr_par' dir='ltr' id='par_1_6' title="bbox 164 1395 1394 2438">
     <span class='ocr_line' id='line_1_14' title="bbox 274 1395 1009 1469; baseline 0.004 -19"><span class='ocrx_word' id='word_1_93' title='bbox 274 1396 316 1450; x_wconf 93' lang='lat' dir='ltr'><strong>illi</strong></span> <span class='ocrx_word' id='word_1_94' title='bbox 339 1396 394 1451; x_wconf 89' lang='lat' dir='ltr'><strong>siut</strong></span> <span class='ocrx_word' id='word_1_95' title='bbox 417 1395 570 1453; x_wconf 76' lang='lat' dir='ltr'><strong>comites</strong></span> <span class='ocrx_word' id='word_1_96' title='bbox 583 1397 705 1469; x_wconf 85' lang='grc' dir='ltr'><strong>ιιιιι,</strong></span> <span class='ocrx_word' id='word_1_97' title='bbox 730 1413 799 1468; x_wconf 89' lang='lat' dir='ltr'><strong>quos</strong></span> <span class='ocrx_word' id='word_1_98' title='bbox 816 1397 896 1453; x_wconf 89' lang='lat' dir='ltr'><strong>India</strong></span> <span class='ocrx_word' id='word_1_99' title='bbox 911 1403 1009 1454; x_wconf 82' lang='lat' dir='ltr'><strong>torret.</strong></span> 
     </span>
     <span class='ocr_line' id='line_1_15' title="bbox 167 1483 1394 1556; baseline -0.002 -16"><span class='ocrx_word' id='word_1_100' title='bbox 167 1487 199 1540; x_wconf 93' lang='lat' dir='ltr'><strong>In</strong></span> <span class='ocrx_word' id='word_1_101' title='bbox 215 1485 314 1554; x_wconf 88' lang='lat' dir='ltr'><strong>quibus</strong></span> <span class='ocrx_word' id='word_1_102' title='bbox 331 1485 458 1540; x_wconf 81' lang='lat' dir='ltr'><strong>Tibullus</strong></span> <span class='ocrx_word' id='word_1_103' title='bbox 481 1485 504 1540; x_wconf 87' lang='lat' dir='ltr'><strong>si</strong></span> <span class='ocrx_word' id='word_1_104' title='bbox 526 1483 780 1555; x_wconf 81' lang='lat' dir='ltr'><strong>bephihemimerim</strong></span> <span class='ocrx_word' id='word_1_105' title='bbox 795 1488 896 1543; x_wconf 85' lang='lat' dir='ltr'><strong>lectam</strong></span> <span class='ocrx_word' id='word_1_106' title='bbox 916 1487 1101 1556; x_wconf 82' lang='lat' dir='ltr'><strong>voluisset,</strong></span> <span class='ocrx_word' id='word_1_107' title='bbox 1092 1503 1121 1541; x_wconf 91' lang='grc' dir='ltr'><strong>ιιι</strong></span> <span class='ocrx_word' id='word_1_108' title='bbox 1144 1487 1237 1556; x_wconf 89' lang='lat' dir='ltr'><strong>priore</strong></span> <span class='ocrx_word' id='word_1_109' title='bbox 1253 1502 1337 1544; x_wconf 88' lang='lat' dir='ltr'><strong>versu</strong></span> <span class='ocrx_word' id='word_1_110' title='bbox 1391 1533 1394 1538; x_wconf 88' lang='lat'><em>.</em></span> 
     </span>
     <span class='ocr_line' id='line_1_16' title="bbox 166 1574 1336 1644; baseline 0 -14"><span class='ocrx_word' id='word_1_111' title='bbox 166 1574 316 1630; x_wconf 78' lang='lat' dir='ltr'><strong>secundum</strong></span> <span class='ocrx_word' id='word_1_112' title='bbox 331 1589 374 1643; x_wconf 87' lang='lat' dir='ltr'><strong>ea,</strong></span> <span class='ocrx_word' id='word_1_113' title='bbox 392 1588 462 1642; x_wconf 84' lang='lat' dir='ltr'><strong>quae</strong></span> <span class='ocrx_word' id='word_1_114' title='bbox 478 1574 606 1642; x_wconf 88' lang='lat' dir='ltr'><strong>suprade</strong></span> <span class='ocrx_word' id='word_1_115' title='bbox 622 1575 783 1644; x_wconf 82' lang='lat' dir='ltr'><strong>hecgeuere</strong></span> <span class='ocrx_word' id='word_1_116' title='bbox 798 1574 1040 1644; x_wconf 85' lang='lat' dir='ltr'><strong>semiseptenariae</strong></span> <span class='ocrx_word' id='word_1_117' title='bbox 1057 1574 1185 1644; x_wconf 78' lang='lat' dir='ltr'><strong>diximus,</strong></span> <span class='ocrx_word' id='word_1_118' title='bbox 1201 1582 1336 1630; x_wconf 85' lang='lat' dir='ltr'><strong>tenues</strong></span> 
     </span>
     <span class='ocr_line' id='line_1_17' title="bbox 165 1662 1335 1733; baseline 0.002 -17"><span class='ocrx_word' id='word_1_119' title='bbox 165 1679 204 1718; x_wconf 89' lang='lat' dir='ltr'><strong>ve</strong></span> <span class='ocrx_word' id='word_1_120' title='bbox 214 1679 226 1718; x_wconf 92' lang='lat' dir='ltr'><strong>s</strong></span> <span class='ocrx_word' id='word_1_121' title='bbox 236 1670 293 1718; x_wconf 89' lang='lat' dir='ltr'><strong>tes</strong></span> <span class='ocrx_word' id='word_1_122' title='bbox 317 1662 468 1731; x_wconf 74' lang='lat' dir='ltr'><strong>accipisset.</strong></span> <span class='ocrx_word' id='word_1_123' title='bbox 507 1663 574 1718; x_wconf 86' lang='lat' dir='ltr'><strong>Post</strong></span> <span class='ocrx_word' id='word_1_124' title='bbox 589 1664 700 1718; x_wconf 88' lang='lat' dir='ltr'><strong>tertiam</strong></span> <span class='ocrx_word' id='word_1_125' title='bbox 716 1670 807 1719; x_wconf 90' lang='lat' dir='ltr'><strong>autem</strong></span> <span class='ocrx_word' id='word_1_126' title='bbox 823 1664 899 1720; x_wconf 82' lang='grc' dir='ltr'><strong>ιιιιιι</strong></span> <span class='ocrx_word' id='word_1_127' title='bbox 917 1663 941 1720; x_wconf 87' lang='grc' dir='ltr'><strong>ιι</strong></span> <span class='ocrx_word' id='word_1_128' title='bbox 962 1663 1103 1733; x_wconf 81' lang='lat' dir='ltr'><strong>inciditur,</strong></span> <span class='ocrx_word' id='word_1_129' title='bbox 1118 1679 1192 1732; x_wconf 89' lang='lat' dir='ltr'><strong>quac</strong></span> <span class='ocrx_word' id='word_1_130' title='bbox 1209 1664 1335 1719; x_wconf 87' lang='lat' dir='ltr'><strong>adbibita</strong></span> 
     </span>
     <span class='ocr_line' id='line_1_18' title="bbox 165 1750 1335 1821; baseline 0 -15"><span class='ocrx_word' id='word_1_131' title='bbox 165 1758 207 1808; x_wconf 88' lang='grc' dir='ltr'><strong>ιιι</strong></span> <span class='ocrx_word' id='word_1_132' title='bbox 223 1751 371 1807; x_wconf 89' lang='lat' dir='ltr'><strong>collocatio</strong></span> <span class='ocrx_word' id='word_1_133' title='bbox 388 1750 489 1820; x_wconf 91' lang='lat' dir='ltr'><strong>optime</strong></span> <span class='ocrx_word' id='word_1_134' title='bbox 506 1753 633 1806; x_wconf 89' lang='lat' dir='ltr'><strong>convenit</strong></span> <span class='ocrx_word' id='word_1_135' title='bbox 649 1768 710 1808; x_wconf 84' lang='lat' dir='ltr'><strong>cunr</strong></span> <span class='ocrx_word' id='word_1_136' title='bbox 725 1767 817 1808; x_wconf 86' lang='lat' dir='ltr'><strong>sensu.</strong></span> <span class='ocrx_word' id='word_1_137' title='bbox 842 1753 977 1820; x_wconf 77' lang='lat' dir='ltr'><strong>Quoniam</strong></span> <span class='ocrx_word' id='word_1_138' title='bbox 993 1751 1064 1806; x_wconf 90' lang='lat' dir='ltr'><strong>enim</strong></span> <span class='ocrx_word' id='word_1_139' title='bbox 1080 1757 1164 1821; x_wconf 81' lang='lat' dir='ltr'><strong>poete</strong></span> <span class='ocrx_word' id='word_1_140' title='bbox 1180 1758 1210 1806; x_wconf 88' lang='lat' dir='ltr'><strong>et</strong></span> <span class='ocrx_word' id='word_1_141' title='bbox 1218 1753 1335 1806; x_wconf 85' lang='lat' dir='ltr'><strong>vatium</strong></span> 
     </span>
     <span class='ocr_line' id='line_1_19' title="bbox 164 1839 1334 1908; baseline -0.001 -13"><span class='ocrx_word' id='word_1_142' title='bbox 164 1840 301 1895; x_wconf 85' lang='lat' dir='ltr'><strong>tenuitate</strong></span> <span class='ocrx_word' id='word_1_143' title='bbox 323 1846 351 1894; x_wconf 91' lang='lat' dir='ltr'><strong>et</strong></span> <span class='ocrx_word' id='word_1_144' title='bbox 375 1839 503 1895; x_wconf 88' lang='lat' dir='ltr'><strong>comitum</strong></span> <span class='ocrx_word' id='word_1_145' title='bbox 524 1839 602 1895; x_wconf 82' lang='lat' dir='ltr'><strong>fusco</strong></span> <span class='ocrx_word' id='word_1_146' title='bbox 626 1840 721 1894; x_wconf 87' lang='lat' dir='ltr'><strong>dolore</strong></span> <span class='ocrx_word' id='word_1_147' title='bbox 744 1857 873 1908; x_wconf 88' lang='lat' dir='ltr'><strong>magnum</strong></span> <span class='ocrx_word' id='word_1_148' title='bbox 894 1841 1040 1908; x_wconf 86' lang='lat' dir='ltr'><strong>praedicet</strong></span> <span class='ocrx_word' id='word_1_149' title='bbox 1060 1839 1193 1894; x_wconf 89' lang='lat' dir='ltr'><strong>donorum</strong></span> <span class='ocrx_word' id='word_1_150' title='bbox 1222 1855 1334 1896; x_wconf 89' lang='lat' dir='ltr'><strong>suorum</strong></span> 
     </span>
     <span class='ocr_line' id='line_1_20' title="bbox 164 1927 1334 1998; baseline -0.001 -16"><span class='ocrx_word' id='word_1_151' title='bbox 164 1929 292 1998; x_wconf 89' lang='lat' dir='ltr'><strong>pretium,</strong></span> <span class='ocrx_word' id='word_1_152' title='bbox 309 1927 409 1996; x_wconf 88' lang='lat' dir='ltr'><strong>quibua</strong></span> <span class='ocrx_word' id='word_1_153' title='bbox 425 1928 621 1998; x_wconf 88' lang='lat' dir='ltr'><strong>conspicienda</strong></span> <span class='ocrx_word' id='word_1_154' title='bbox 636 1928 761 1984; x_wconf 84' lang='lat' dir='ltr'><strong>Nemesis</strong></span> <span class='ocrx_word' id='word_1_155' title='bbox 777 1935 808 1984; x_wconf 91' lang='lat' dir='ltr'><strong>ut</strong></span> <span class='ocrx_word' id='word_1_156' title='bbox 823 1943 874 1998; x_wconf 90' lang='lat' dir='ltr'><strong>per</strong></span> <span class='ocrx_word' id='word_1_157' title='bbox 889 1929 983 1983; x_wconf 88' lang='lat' dir='ltr'><strong>urbem</strong></span> <span class='ocrx_word' id='word_1_158' title='bbox 999 1928 1110 1984; x_wconf 86' lang='lat' dir='ltr'><strong>incedat</strong></span> <span class='ocrx_word' id='word_1_159' title='bbox 1126 1943 1176 1998; x_wconf 89' lang='lat' dir='ltr'><strong>pro</strong></span> <span class='ocrx_word' id='word_1_160' title='bbox 1192 1927 1334 1997; x_wconf 87' lang='lat' dir='ltr'><strong>praesenti</strong></span> 
     </span>
     <span class='ocr_line' id='line_1_21' title="bbox 166 2016 1333 2107; baseline 0 -37"><span class='ocrx_word' id='word_1_161' title='bbox 166 2017 249 2071; x_wconf 90' lang='lat' dir='ltr'><strong>animi</strong></span> <span class='ocrx_word' id='word_1_162' title='bbox 265 2022 341 2070; x_wconf 90' lang='lat' dir='ltr'><strong>motu</strong></span> <span class='ocrx_word' id='word_1_163' title='bbox 357 2021 445 2086; x_wconf 88' lang='lat' dir='ltr'><strong>optat,</strong></span> <span class='ocrx_word' id='word_1_164' title='bbox 463 2033 568 2072; x_wconf 90' lang='lat' dir='ltr'><strong>summa</strong></span> <span class='ocrx_word' id='word_1_165' title='bbox 583 2018 624 2072; x_wconf 89' lang='lat' dir='ltr'><strong>vis</strong></span> <span class='ocrx_word' id='word_1_166' title='bbox 640 2024 668 2072; x_wconf 89' lang='lat' dir='ltr'><strong>ct</strong></span> <span class='ocrx_word' id='word_1_167' title='bbox 684 2017 807 2085; x_wconf 81' lang='lat' dir='ltr'><strong>gravitas</strong></span> <span class='ocrx_word' id='word_1_168' title='bbox 822 2017 953 2085; x_wconf 84' lang='lat' dir='ltr'><strong>epithetis</strong></span> <span class='ocrx_word' id='word_1_169' title='bbox 968 2017 1049 2107; x_wconf 82' lang='lat' dir='ltr'><strong>inest.</strong></span> <span class='ocrx_word' id='word_1_170' title='bbox 1080 2017 1156 2083; x_wconf 71' lang='lat' dir='ltr'><strong>Quae</strong></span> <span class='ocrx_word' id='word_1_171' title='bbox 1173 2033 1207 2072; x_wconf 87' lang='lat' dir='ltr'><strong>ea</strong></span> <span class='ocrx_word' id='word_1_172' title='bbox 1222 2016 1333 2085; x_wconf 80' lang='lat' dir='ltr'><strong>potissi·</strong></span> 
     </span>
     <span class='ocr_line' id='line_1_22' title="bbox 164 2098 1332 2175; baseline -0.002 -15"><span class='ocrx_word' id='word_1_173' title='bbox 164 2118 237 2160; x_wconf 86' lang='lat' dir='ltr'><strong>munt</strong></span> <span class='ocrx_word' id='word_1_174' title='bbox 253 2104 382 2159; x_wconf 91' lang='lat' dir='ltr'><strong>collocat&#39;</strong></span> <span class='ocrx_word' id='word_1_175' title='bbox 362 2111 436 2158; x_wconf 78' lang='lat' dir='ltr'><strong>tione</strong></span> <span class='ocrx_word' id='word_1_176' title='bbox 453 2105 486 2158; x_wconf 86' lang='lat' dir='ltr'><strong>iis</strong></span> <span class='ocrx_word' id='word_1_177' title='bbox 503 2101 628 2175; x_wconf 79' lang='lat' dir='ltr'><strong>affertur,</strong></span> <span class='ocrx_word' id='word_1_178' title='bbox 652 2106 735 2174; x_wconf 92' lang='lat' dir='ltr'><strong>quod,</strong></span> <span class='ocrx_word' id='word_1_179' title='bbox 752 2122 812 2160; x_wconf 92' lang='lat' dir='ltr'><strong>cum</strong></span> <span class='ocrx_word' id='word_1_180' title='bbox 829 2105 898 2174; x_wconf 85' lang='lat' dir='ltr'><strong>illa,</strong></span> <span class='ocrx_word' id='word_1_181' title='bbox 913 2120 983 2174; x_wconf 88' lang='lat' dir='ltr'><strong>quae</strong></span> <span class='ocrx_word' id='word_1_182' title='bbox 1007 2098 1144 2174; x_wconf 88' lang='lat' dir='ltr'><strong>inpriore</strong></span> <span class='ocrx_word' id='word_1_183' title='bbox 1160 2105 1332 2160; x_wconf 81' lang='lat' dir='ltr'><strong>hemistichia</strong></span> 
     </span>
     <span class='ocr_line' id='line_1_23' title="bbox 166 2193 1332 2278; baseline -0.003 -30"><span class='ocrx_word' id='word_1_184' title='bbox 166 2193 348 2262; x_wconf 86' lang='lat' dir='ltr'><strong>antecedunt,</strong></span> <span class='ocrx_word' id='word_1_185' title='bbox 375 2193 510 2276; x_wconf 82' lang='lat' dir='ltr'><strong>integram</strong></span> <span class='ocrx_word' id='word_1_186' title='bbox 534 2193 729 2278; x_wconf 82' lang='lat' dir='ltr'><strong>cogitationem</strong></span> <span class='ocrx_word' id='word_1_187' title='bbox 749 2195 807 2263; x_wconf 88' lang='lat' dir='ltr'><strong>jam</strong></span> <span class='ocrx_word' id='word_1_188' title='bbox 830 2193 967 2263; x_wconf 75' lang='lat' dir='ltr'><strong>eliciant,</strong></span> <span class='ocrx_word' id='word_1_189' title='bbox 990 2209 1088 2248; x_wconf 86' lang='lat' dir='ltr'><strong>sensus</strong></span> <span class='ocrx_word' id='word_1_190' title='bbox 1111 2208 1172 2248; x_wconf 90' lang='lat' dir='ltr'><strong>cum</strong></span> <span class='ocrx_word' id='word_1_191' title='bbox 1187 2207 1250 2246; x_wconf 87' lang='lat' dir='ltr'><strong>voce</strong></span> <span class='ocrx_word' id='word_1_192' title='bbox 1266 2198 1332 2260; x_wconf 85' lang='lat' dir='ltr'><strong>post</strong></span> 
     </span>
     <span class='ocr_line' id='line_1_24' title="bbox 166 2271 1332 2352; baseline -0.003 -15"><span class='ocrx_word' id='word_1_193' title='bbox 166 2281 389 2352; x_wconf 88' lang='lat' dir='ltr'><strong>semiquinariam</strong></span> <span class='ocrx_word' id='word_1_194' title='bbox 405 2271 494 2336; x_wconf 84' lang='lat' dir='ltr'><strong>denuo</strong></span> <span class='ocrx_word' id='word_1_195' title='bbox 511 2281 637 2337; x_wconf 86' lang='lat' dir='ltr'><strong>ascendit</strong></span> <span class='ocrx_word' id='word_1_196' title='bbox 653 2297 778 2350; x_wconf 88' lang='lat' dir='ltr'><strong>novoque</strong></span> <span class='ocrx_word' id='word_1_197' title='bbox 800 2281 879 2350; x_wconf 88' lang='lat' dir='ltr'><strong>quasi</strong></span> <span class='ocrx_word' id='word_1_198' title='bbox 903 2288 1020 2336; x_wconf 87' lang='lat' dir='ltr'><strong>accentu</strong></span> <span class='ocrx_word' id='word_1_199' title='bbox 1043 2281 1180 2349; x_wconf 66' lang='lat' dir='ltr'><strong>adiectiva</strong></span> <span class='ocrx_word' id='word_1_200' title='bbox 1194 2279 1332 2334; x_wconf 75' lang='lat' dir='ltr'><strong>feriuntur</strong></span> 
     </span>
     <span class='ocr_line' id='line_1_25' title="bbox 166 2370 1226 2438; baseline -0.002 -14"><span class='ocrx_word' id='word_1_201' title='bbox 166 2375 195 2424; x_wconf 90' lang='lat' dir='ltr'><strong>et</strong></span> <span class='ocrx_word' id='word_1_202' title='bbox 211 2370 309 2424; x_wconf 90' lang='lat' dir='ltr'><strong>deinde</strong></span> <span class='ocrx_word' id='word_1_203' title='bbox 325 2370 378 2427; x_wconf 90' lang='lat' dir='ltr'><strong>levi</strong></span> <span class='ocrx_word' id='word_1_204' title='bbox 394 2371 547 2426; x_wconf 89' lang='lat' dir='ltr'><strong>sententiae</strong></span> <span class='ocrx_word' id='word_1_205' title='bbox 563 2386 641 2425; x_wconf 89' lang='lat' dir='ltr'><strong>mura</strong></span> <span class='ocrx_word' id='word_1_206' title='bbox 658 2370 728 2424; x_wconf 87' lang='lat' dir='ltr'><strong>ab&#39;‘</strong></span> <span class='ocrx_word' id='word_1_207' title='bbox 709 2385 753 2438; x_wconf 87' lang='grc' dir='ltr'><strong>ιιι,</strong></span> <span class='ocrx_word' id='word_1_208' title='bbox 770 2385 841 2438; x_wconf 83' lang='lat' dir='ltr'><strong>quse</strong></span> <span class='ocrx_word' id='word_1_209' title='bbox 858 2376 1026 2438; x_wconf 86' lang='lat' dir='ltr'><strong>sequuntur,</strong></span> <span class='ocrx_word' id='word_1_210' title='bbox 1050 2375 1226 2438; x_wconf 86' lang='lat' dir='ltr'><strong>separantur.</strong></span> 
     </span>
    </p>

    <p class='ocr_par' dir='ltr' id='par_1_7' title="bbox 163 2457 1336 3061">
     <span class='ocr_line' id='line_1_26' title="bbox 255 2457 1336 2526; baseline -0.001 -14"><span class='ocrx_word' id='word_1_211' title='bbox 255 2458 334 2526; x_wconf 77' lang='lat' dir='ltr'><strong>Quod</strong></span> <span class='ocrx_word' id='word_1_212' title='bbox 358 2459 441 2514; x_wconf 87' lang='lat' dir='ltr'><strong>simili</strong></span> <span class='ocrx_word' id='word_1_213' title='bbox 463 2459 620 2514; x_wconf 89' lang='lat' dir='ltr'><strong>collocandi</strong></span> <span class='ocrx_word' id='word_1_214' title='bbox 649 2458 757 2513; x_wconf 90' lang='lat' dir='ltr'><strong>ratione</strong></span> <span class='ocrx_word' id='word_1_215' title='bbox 788 2458 815 2510; x_wconf 90' lang='lat' dir='ltr'><strong>in</strong></span> <span class='ocrx_word' id='word_1_216' title='bbox 845 2458 1011 2526; x_wconf 86' lang='lat' dir='ltr'><strong>pentametri</strong></span> <span class='ocrx_word' id='word_1_217' title='bbox 1040 2457 1119 2512; x_wconf 89' lang='lat' dir='ltr'><strong>initio</strong></span> <span class='ocrx_word' id='word_1_218' title='bbox 1145 2457 1336 2512; x_wconf 82' lang='lat' dir='ltr'><strong>confirmatur.</strong></span> 
     </span>
     <span class='ocr_line' id='line_1_27' title="bbox 167 2545 1334 2616; baseline -0.003 -15"><span class='ocrx_word' id='word_1_219' title='bbox 167 2545 250 2602; x_wconf 85' lang='lat' dir='ltr'><strong>Haud</strong></span> <span class='ocrx_word' id='word_1_220' title='bbox 266 2561 330 2601; x_wconf 86' lang='lat' dir='ltr'><strong>raro</strong></span> <span class='ocrx_word' id='word_1_221' title='bbox 347 2547 418 2601; x_wconf 89' lang='lat' dir='ltr'><strong>euim</strong></span> <span class='ocrx_word' id='word_1_222' title='bbox 435 2547 509 2615; x_wconf 91' lang='lat' dir='ltr'><strong>apud</strong></span> <span class='ocrx_word' id='word_1_223' title='bbox 525 2547 665 2600; x_wconf 83' lang='lat' dir='ltr'><strong>Tibullum</strong></span> <span class='ocrx_word' id='word_1_224' title='bbox 682 2545 797 2613; x_wconf 88' lang='lat' dir='ltr'><strong>accidit,</strong></span> <span class='ocrx_word' id='word_1_225' title='bbox 822 2551 853 2600; x_wconf 93' lang='lat' dir='ltr'><strong>ut</strong></span> <span class='ocrx_word' id='word_1_226' title='bbox 876 2561 932 2600; x_wconf 86' lang='lat' dir='ltr'><strong>uua</strong></span> <span class='ocrx_word' id='word_1_227' title='bbox 954 2563 1020 2614; x_wconf 87' lang='lat' dir='ltr'><strong>pars</strong></span> <span class='ocrx_word' id='word_1_228' title='bbox 1037 2545 1187 2615; x_wconf 83' lang='grc' dir='ltr'><strong>οιιιιοιιιι,</strong></span> <span class='ocrx_word' id='word_1_229' title='bbox 1210 2561 1281 2616; x_wconf 85' lang='lat' dir='ltr'><strong>quae</strong></span> <span class='ocrx_word' id='word_1_230' title='bbox 1298 2545 1334 2598; x_wconf 83' lang='lat' dir='ltr'><strong>ad</strong></span> 
     </span>
     <span class='ocr_line' id='line_1_28' title="bbox 167 2631 1334 2703; baseline -0.003 -14"><span class='ocrx_word' id='word_1_231' title='bbox 167 2637 320 2691; x_wconf 86' lang='lat' dir='ltr'><strong>hexametri</strong></span> <span class='ocrx_word' id='word_1_232' title='bbox 335 2636 422 2692; x_wconf 86' lang='lat' dir='ltr'><strong>solius</strong></span> <span class='ocrx_word' id='word_1_233' title='bbox 438 2634 611 2690; x_wconf 85' lang='lat' dir='ltr'><strong>enuntiatum</strong></span> <span class='ocrx_word' id='word_1_234' title='bbox 625 2635 773 2703; x_wconf 85' lang='lat' dir='ltr'><strong>pertineat,</strong></span> <span class='ocrx_word' id='word_1_235' title='bbox 790 2634 817 2687; x_wconf 89' lang='lat' dir='ltr'><strong>iu</strong></span> <span class='ocrx_word' id='word_1_236' title='bbox 833 2641 1036 2703; x_wconf 83' lang='lat' dir='ltr'><strong>pentametrum</strong></span> <span class='ocrx_word' id='word_1_237' title='bbox 1058 2634 1204 2688; x_wconf 88' lang='lat' dir='ltr'><strong>redundet.</strong></span> <span class='ocrx_word' id='word_1_238' title='bbox 1236 2631 1334 2690; x_wconf 77' lang='lat' dir='ltr'><strong>sedin</strong></span> 
     </span>
     <span class='ocr_line' id='line_1_29' title="bbox 165 2722 1335 2791; baseline -0.004 -11"><span class='ocrx_word' id='word_1_239' title='bbox 165 2725 217 2780; x_wconf 88' lang='lat' dir='ltr'><strong>tali</strong></span> <span class='ocrx_word' id='word_1_240' title='bbox 233 2725 417 2781; x_wconf 88' lang='lat' dir='ltr'><strong>collocatione</strong></span> <span class='ocrx_word' id='word_1_241' title='bbox 434 2725 490 2779; x_wconf 84' lang='lat' dir='ltr'><strong>elia</strong></span> <span class='ocrx_word' id='word_1_242' title='bbox 506 2730 549 2780; x_wconf 90' lang='lat' dir='ltr'><strong>est</strong></span> <span class='ocrx_word' id='word_1_243' title='bbox 564 2722 689 2779; x_wconf 90' lang='lat' dir='ltr'><strong>condicio</strong></span> <span class='ocrx_word' id='word_1_244' title='bbox 704 2723 940 2778; x_wconf 76' lang='lat' dir='ltr'><strong>substantivorum</strong></span> <span class='ocrx_word' id='word_1_245' title='bbox 956 2729 985 2778; x_wconf 89' lang='lat' dir='ltr'><strong>et</strong></span> <span class='ocrx_word' id='word_1_246' title='bbox 999 2724 1154 2790; x_wconf 88' lang='lat' dir='ltr'><strong>verborum,</strong></span> <span class='ocrx_word' id='word_1_247' title='bbox 1171 2723 1228 2776; x_wconf 87' lang='lat' dir='ltr'><strong>alia</strong></span> <span class='ocrx_word' id='word_1_248' title='bbox 1244 2722 1335 2791; x_wconf 81' lang='lat' dir='ltr'><strong>adjec-</strong></span> 
     </span>
     <span class='ocr_line' id='line_1_30' title="bbox 165 2810 1334 2882; baseline -0.004 -14"><span class='ocrx_word' id='word_1_249' title='bbox 165 2813 284 2870; x_wconf 90' lang='lat' dir='ltr'><strong>tivorum</strong></span> <span class='ocrx_word' id='word_1_250' title='bbox 300 2813 356 2869; x_wconf 87' lang='lat' dir='ltr'><strong>sive</strong></span> <span class='ocrx_word' id='word_1_251' title='bbox 372 2811 582 2882; x_wconf 90' lang='lat' dir='ltr'><strong>participiorum</strong></span> <span class='ocrx_word' id='word_1_252' title='bbox 598 2818 627 2866; x_wconf 86' lang='lat' dir='ltr'><strong>et</strong></span> <span class='ocrx_word' id='word_1_253' title='bbox 642 2812 842 2866; x_wconf 87' lang='lat' dir='ltr'><strong>adverbiorum.</strong></span> <span class='ocrx_word' id='word_1_254' title='bbox 866 2811 920 2865; x_wconf 88' lang='lat' dir='ltr'><strong>llla</strong></span> <span class='ocrx_word' id='word_1_255' title='bbox 935 2811 1007 2866; x_wconf 84' lang='lat' dir='ltr'><strong>eninr</strong></span> <span class='ocrx_word' id='word_1_256' title='bbox 1017 2811 1177 2881; x_wconf 85' lang='lat' dir='ltr'><strong>saepissime</strong></span> <span class='ocrx_word' id='word_1_257' title='bbox 1194 2810 1334 2866; x_wconf 71' lang='lat' dir='ltr'><strong>a&#39;Tibullo</strong></span> 
     </span>
     <span class='ocr_line' id='line_1_31' title="bbox 165 2896 1334 2968; baseline -0.005 -10"><span class='ocrx_word' id='word_1_258' title='bbox 165 2903 227 2958; x_wconf 87' lang='lat' dir='ltr'><strong>sola</strong></span> <span class='ocrx_word' id='word_1_259' title='bbox 241 2918 276 2958; x_wconf 88' lang='lat' dir='ltr'><strong>ex</strong></span> <span class='ocrx_word' id='word_1_260' title='bbox 291 2901 443 2957; x_wconf 85' lang='lat' dir='ltr'><strong>hexametri</strong></span> <span class='ocrx_word' id='word_1_261' title='bbox 459 2901 597 2956; x_wconf 85' lang='lat' dir='ltr'><strong>sententia</strong></span> <span class='ocrx_word' id='word_1_262' title='bbox 612 2900 641 2954; x_wconf 91' lang='lat' dir='ltr'><strong>in</strong></span> <span class='ocrx_word' id='word_1_263' title='bbox 657 2915 765 2956; x_wconf 88' lang='lat' dir='ltr'><strong>versum</strong></span> <span class='ocrx_word' id='word_1_264' title='bbox 787 2899 941 2968; x_wconf 83' lang='lat' dir='ltr'><strong>elegiacum</strong></span> <span class='ocrx_word' id='word_1_265' title='bbox 962 2896 1054 2954; x_wconf 81' lang='lat' dir='ltr'><strong>tracta</strong></span> <span class='ocrx_word' id='word_1_266' title='bbox 1078 2906 1143 2955; x_wconf 87' lang='lat' dir='ltr'><strong>suat</strong></span> <span class='ocrx_word' id='word_1_267' title='bbox 1165 2915 1254 2968; x_wconf 88' lang='lat' dir='ltr'><strong>neque</strong></span> <span class='ocrx_word' id='word_1_268' title='bbox 1269 2911 1334 2953; x_wconf 88' lang='lat' dir='ltr'><strong>raro</strong></span> 
     </span>
     <span class='ocr_line' id='line_1_32' title="bbox 163 2987 1334 3061; baseline -0.003 -17"><span class='ocrx_word' id='word_1_269' title='bbox 163 2991 220 3061; x_wconf 90' lang='lat' dir='ltr'><strong>ita,</strong></span> <span class='ocrx_word' id='word_1_270' title='bbox 246 2997 277 3047; x_wconf 86' lang='lat' dir='ltr'><strong>ut</strong></span> <span class='ocrx_word' id='word_1_271' title='bbox 299 2989 426 3060; x_wconf 78' lang='lat' dir='ltr'><strong>graviore</strong></span> <span class='ocrx_word' id='word_1_272' title='bbox 446 2988 570 3058; x_wconf 89' lang='lat' dir='ltr'><strong>pondere</strong></span> <span class='ocrx_word' id='word_1_273' title='bbox 595 3005 650 3042; x_wconf 86' lang='lat' dir='ltr'><strong>nun</strong></span> <span class='ocrx_word' id='word_1_274' title='bbox 672 2987 886 3058; x_wconf 72' lang='lat' dir='ltr'><strong>distinguentur,</strong></span> <span class='ocrx_word' id='word_1_275' title='bbox 917 2989 993 3043; x_wconf 88' lang='lat' dir='ltr'><strong>velut</strong></span> <span class='ocrx_word' id='word_1_276' title='bbox 1013 2988 1334 3059; x_wconf 50' lang='lat' dir='ltr'><strong>16,1oct1111,ee.,</strong></span> 
     </span>
    </p>
   </div>
   <div class='ocr_carea' id='block_1_3' title="bbox 164 3075 1432 3242">
    <p class='ocr_par' dir='ltr' id='par_1_8' title="bbox 164 3075 1432 3242">
     <span class='ocr_line' id='line_1_33' title="bbox 164 3075 1432 3146; baseline -0.006 -11"><span class='ocrx_word' id='word_1_277' title='bbox 164 3081 234 3135; x_wconf 87' lang='lat' dir='ltr'><strong>haec</strong></span> <span class='ocrx_word' id='word_1_278' title='bbox 258 3087 437 3135; x_wconf 68' lang='lat' dir='ltr'><strong>autemuaro</strong></span> <span class='ocrx_word' id='word_1_279' title='bbox 459 3077 508 3130; x_wconf 92' lang='lat' dir='ltr'><strong>illo</strong></span> <span class='ocrx_word' id='word_1_280' title='bbox 528 3076 610 3130; x_wconf 88' lang='lat' dir='ltr'><strong>modo</strong></span> <span class='ocrx_word' id='word_1_281' title='bbox 634 3075 726 3146; x_wconf 85' lang='lat' dir='ltr'><strong>posita</strong></span> <span class='ocrx_word' id='word_1_282' title='bbox 749 3081 814 3131; x_wconf 85' lang='lat' dir='ltr'><strong>eunt</strong></span> <span class='ocrx_word' id='word_1_283' title='bbox 836 3081 864 3130; x_wconf 85' lang='lat' dir='ltr'><strong>et</strong></span> <span class='ocrx_word' id='word_1_284' title='bbox 888 3093 994 3146; x_wconf 89' lang='lat' dir='ltr'><strong>semper</strong></span> <span class='ocrx_word' id='word_1_285' title='bbox 1009 3078 1059 3146; x_wconf 91' lang='lat' dir='ltr'><strong>ita,</strong></span> <span class='ocrx_word' id='word_1_286' title='bbox 1083 3083 1115 3130; x_wconf 90' lang='lat' dir='ltr'><strong>ut</strong></span> <span class='ocrx_word' id='word_1_287' title='bbox 1136 3091 1265 3144; x_wconf 79' lang='lat' dir='ltr'><strong>magnam</strong></span> <span class='ocrx_word' id='word_1_288' title='bbox 1280 3075 1336 3129; x_wconf 88' lang='lat' dir='ltr'><strong>vim</strong></span> <span class='ocrx_word' id='word_1_289' title='bbox 1431 3085 1432 3102; x_wconf 65' lang='lat'>¹</span> 
     </span>
     <span class='ocr_line' id='line_1_34' title="bbox 165 3164 1432 3242; baseline -0.006 -19"><span class='ocrx_word' id='word_1_290' title='bbox 165 3169 295 3223; x_wconf 85' lang='lat' dir='ltr'><strong>habeant.</strong></span> <span class='ocrx_word' id='word_1_291' title='bbox 341 3168 418 3236; x_wconf 74' lang='lat' dir='ltr'><strong>Quae</strong></span> <span class='ocrx_word' id='word_1_292' title='bbox 445 3165 527 3222; x_wconf 85' lang='lat' dir='ltr'><strong>facile</strong></span> <span class='ocrx_word' id='word_1_293' title='bbox 558 3164 734 3234; x_wconf 80' lang='lat' dir='ltr'><strong>cognoscitur</strong></span> <span class='ocrx_word' id='word_1_294' title='bbox 755 3165 768 3218; x_wconf 90' lang='lat' dir='ltr'>I</span> <span class='ocrx_word' id='word_1_295' title='bbox 786 3168 820 3234; x_wconf 82' lang='lat'><strong>2,</strong></span> <span class='ocrx_word' id='word_1_296' title='bbox 839 3167 889 3220; x_wconf 80' lang='lat'><strong>28.</strong></span> <span class='ocrx_word' id='word_1_297' title='bbox 916 3167 966 3222; x_wconf 80' lang='grc'><strong>58.</strong></span> <span class='ocrx_word' id='word_1_298' title='bbox 998 3167 1096 3235; x_wconf 60' lang='lat' dir='ltr'><strong>moa.</strong></span> <span class='ocrx_word' id='word_1_299' title='bbox 1127 3167 1177 3218; x_wconf 77' lang='lat' dir='ltr'><strong>ta.</strong></span> <span class='ocrx_word' id='word_1_300' title='bbox 1206 3164 1234 3218; x_wconf 85' lang='grc' dir='ltr'><strong>ιι</strong></span> <span class='ocrx_word' id='word_1_301' title='bbox 1250 3169 1279 3233; x_wconf 83' lang='lat' dir='ltr'><strong>o,</strong></span> <span class='ocrx_word' id='word_1_302' title='bbox 1303 3165 1335 3217; x_wconf 79' lang='grc'><strong>8.</strong></span> <span class='ocrx_word' id='word_1_303' title='bbox 1431 3235 1432 3242; x_wconf 14' lang='lat'>¹</span> 
     </span>
    </p>
   </div>
   <div class='ocr_carea' id='block_1_4' title="bbox 164 3255 1333 3767">
    <p class='ocr_par' dir='ltr' id='par_1_9' title="bbox 164 3255 1333 3767">
     <span class='ocr_line' id='line_1_35' title="bbox 166 3255 394 3326; baseline -0.018 -14"><span class='ocrx_word' id='word_1_304' title='bbox 166 3255 271 3312; x_wconf 90' lang='lat' dir='ltr'><strong>Deinde</strong></span> <span class='ocrx_word' id='word_1_305' title='bbox 287 3257 300 3310; x_wconf 95' lang='lat' dir='ltr'>I</span> <span class='ocrx_word' id='word_1_306' title='bbox 316 3259 338 3326; x_wconf 92' lang='lat'><strong>1,</strong></span> <span class='ocrx_word' id='word_1_307' title='bbox 360 3257 394 3309; x_wconf 82' lang='lat' dir='ltr'><strong>ib</strong></span> 
     </span>
     <span class='ocr_line' id='line_1_36' title="bbox 268 3341 946 3413; baseline -0.004 -14"><span class='ocrx_word' id='word_1_308' title='bbox 268 3344 344 3400; x_wconf 85' lang='lat' dir='ltr'><strong>flava</strong></span> <span class='ocrx_word' id='word_1_309' title='bbox 358 3343 457 3413; x_wconf 81' lang='lat' dir='ltr'><strong>(leros,</strong></span> <span class='ocrx_word' id='word_1_310' title='bbox 481 3343 532 3398; x_wconf 90' lang='lat' dir='ltr'><strong>tibi</strong></span> <span class='ocrx_word' id='word_1_311' title='bbox 547 3343 585 3398; x_wconf 86' lang='lat' dir='ltr'><strong>sit</strong></span> <span class='ocrx_word' id='word_1_312' title='bbox 599 3348 695 3398; x_wconf 83' lang='lat' dir='ltr'><strong>nostro</strong></span> <span class='ocrx_word' id='word_1_313' title='bbox 711 3341 744 3397; x_wconf 92' lang='lat' dir='ltr'><strong>de</strong></span> <span class='ocrx_word' id='word_1_314' title='bbox 762 3341 830 3398; x_wconf 86' lang='lat' dir='ltr'><strong>rure&#39;</strong></span> <span class='ocrx_word' id='word_1_315' title='bbox 842 3356 946 3398; x_wconf 87' lang='lat' dir='ltr'><strong>corona</strong></span> 
     </span>
     <span class='ocr_line' id='line_1_37' title="bbox 325 3430 991 3502; baseline -0.005 -15"><span class='ocrx_word' id='word_1_316' title='bbox 325 3433 474 3502; x_wconf 88' lang='lat' dir='ltr'><strong>spicea,</strong></span> <span class='ocrx_word' id='word_1_317' title='bbox 500 3446 571 3502; x_wconf 85' lang='lat' dir='ltr'><strong>quae</strong></span> <span class='ocrx_word' id='word_1_318' title='bbox 588 3431 684 3500; x_wconf 90' lang='lat' dir='ltr'><strong>templi</strong></span> <span class='ocrx_word' id='word_1_319' title='bbox 699 3430 820 3500; x_wconf 88' lang='lat' dir='ltr'><strong>pendeat</strong></span> <span class='ocrx_word' id='word_1_320' title='bbox 837 3437 902 3485; x_wconf 90' lang='lat' dir='ltr'><strong>ante</strong></span> <span class='ocrx_word' id='word_1_321' title='bbox 916 3430 991 3485; x_wconf 88' lang='lat' dir='ltr'><strong>iores</strong></span> 
     </span>
     <span class='ocr_line' id='line_1_38' title="bbox 164 3517 1333 3592; baseline -0.007 -16"><span class='ocrx_word' id='word_1_322' title='bbox 164 3521 314 3592; x_wconf 86' lang='lat' dir='ltr'><strong>opponitur</strong></span> <span class='ocrx_word' id='word_1_323' title='bbox 328 3527 360 3576; x_wconf 89' lang='lat' dir='ltr'><strong>ut</strong></span> <span class='ocrx_word' id='word_1_324' title='bbox 375 3521 468 3590; x_wconf 79' lang='lat' dir='ltr'><strong>(leros,</strong></span> <span class='ocrx_word' id='word_1_325' title='bbox 492 3536 563 3589; x_wconf 81' lang='lat' dir='ltr'><strong>quae</strong></span> <span class='ocrx_word' id='word_1_326' title='bbox 579 3527 687 3588; x_wconf 83' lang='lat' dir='ltr'><strong>segetes</strong></span> <span class='ocrx_word' id='word_1_327' title='bbox 704 3526 793 3588; x_wconf 84' lang='lat' dir='ltr'><strong>curat,</strong></span> <span class='ocrx_word' id='word_1_328' title='bbox 818 3519 941 3588; x_wconf 84' lang='lat' dir='ltr'><strong>Silvano,</strong></span> <span class='ocrx_word' id='word_1_329' title='bbox 957 3518 1004 3587; x_wconf 89' lang='lat' dir='ltr'><strong>qui</strong></span> <span class='ocrx_word' id='word_1_330' title='bbox 1021 3519 1134 3574; x_wconf 89' lang='lat' dir='ltr'><strong>arbores</strong></span> <span class='ocrx_word' id='word_1_331' title='bbox 1150 3517 1212 3588; x_wconf 81' lang='lat' dir='ltr'><strong>agri</strong></span> <span class='ocrx_word' id='word_1_332' title='bbox 1228 3521 1333 3582; x_wconf 86' lang='lat' dir='ltr'><strong>tuetur,</strong></span> 
     </span>
     <span class='ocr_line' id='line_1_39' title="bbox 166 3603 1017 3691; baseline -0.006 -26"><span class='ocrx_word' id='word_1_333' title='bbox 166 3609 207 3666; x_wconf 92' lang='lat' dir='ltr'><strong>ita</strong></span> <span class='ocrx_word' id='word_1_334' title='bbox 222 3625 325 3668; x_wconf 88' lang='lat' dir='ltr'><strong>corona</strong></span> <span class='ocrx_word' id='word_1_335' title='bbox 341 3608 435 3680; x_wconf 87' lang='lat' dir='ltr'><strong>spicea</strong></span> <span class='ocrx_word' id='word_1_336' title='bbox 450 3609 578 3680; x_wconf 88' lang='lat' dir='ltr'><strong>primitiis</strong></span> <span class='ocrx_word' id='word_1_337' title='bbox 594 3623 745 3678; x_wconf 91' lang='lat' dir='ltr'><strong>pomorum.</strong></span> <span class='ocrx_word' id='word_1_338' title='bbox 758 3603 778 3676; x_wconf 84' lang='grc'><strong>1)</strong></span> <span class='ocrx_word' id='word_1_339' title='bbox 791 3649 794 3654; x_wconf 86' lang='grc'>.</span> <span class='ocrx_word' id='word_1_340' title='bbox 809 3608 879 3662; x_wconf 84' lang='lat' dir='ltr'><strong>Turn</strong></span> <span class='ocrx_word' id='word_1_341' title='bbox 895 3609 908 3662; x_wconf 93' lang='lat' dir='ltr'><strong>l</strong></span> <span class='ocrx_word' id='word_1_342' title='bbox 926 3611 953 3676; x_wconf 83' lang='lat'><strong>2,</strong></span> <span class='ocrx_word' id='word_1_343' title='bbox 973 3609 1017 3691; x_wconf 25' lang='lat' dir='ltr'><strong>li,</strong></span> 
     </span>
     <span class='ocr_line' id='line_1_40' title="bbox 270 3695 987 3767; baseline -0.006 -13"><span class='ocrx_word' id='word_1_344' title='bbox 270 3705 297 3754; x_wconf 90' lang='lat' dir='ltr'><strong>te</strong></span> <span class='ocrx_word' id='word_1_345' title='bbox 313 3697 467 3754; x_wconf 84' lang='lat' dir='ltr'><strong>meminisse</strong></span> <span class='ocrx_word' id='word_1_346' title='bbox 484 3698 571 3767; x_wconf 88' lang='lat' dir='ltr'><strong>decet,</strong></span> <span class='ocrx_word' id='word_1_347' title='bbox 588 3713 660 3766; x_wconf 86' lang='lat' dir='ltr'><strong>quae</strong></span> <span class='ocrx_word' id='word_1_348' title='bbox 674 3696 795 3766; x_wconf 88' lang='lat' dir='ltr'><strong>plurimu</strong></span> <span class='ocrx_word' id='word_1_349' title='bbox 810 3711 875 3752; x_wconf 90' lang='lat' dir='ltr'><strong>voce</strong></span> <span class='ocrx_word' id='word_1_350' title='bbox 891 3695 987 3766; x_wconf 81' lang='lat' dir='ltr'><strong>peregi</strong></span> 
     </span>
    </p>
   </div>
   <div class='ocr_carea' id='block_1_5' title="bbox 323 3784 1001 3868">
    <p class='ocr_par' dir='ltr' id='par_1_10' title="bbox 323 3784 1001 3868">
     <span class='ocr_line' id='line_1_41' title="bbox 323 3784 1001 3868; baseline -0.009 -23"><span class='ocrx_word' id='word_1_351' title='bbox 323 3787 515 3868; x_wconf 89' lang='lat' dir='ltr'><strong>supplice,</strong></span> <span class='ocrx_word' id='word_1_352' title='bbox 532 3801 594 3843; x_wconf 92' lang='lat' dir='ltr'><strong>cum</strong></span> <span class='ocrx_word' id='word_1_353' title='bbox 608 3785 683 3856; x_wconf 90' lang='lat' dir='ltr'><strong>posti</strong></span> <span class='ocrx_word' id='word_1_354' title='bbox 697 3784 796 3841; x_wconf 88' lang='lat' dir='ltr'><strong>florida</strong></span> <span class='ocrx_word' id='word_1_355' title='bbox 814 3789 890 3841; x_wconf 87' lang='lat' dir='ltr'><strong>serta</strong></span> <span class='ocrx_word' id='word_1_356' title='bbox 905 3785 1001 3840; x_wconf 84' lang='lat' dir='ltr'><strong>darem</strong></span> 
     </span>
    </p>
   </div>
   <div class='ocr_carea' id='block_1_6' title="bbox 163 3899 376 3918">
    <p class='ocr_par' dir='ltr' id='par_1_11' title="bbox 163 3899 376 3918">
     <span class='ocr_line' id='line_1_42' title="bbox 163 3899 376 3918; baseline 0 0"><span class='ocrx_word' id='word_1_357' title='bbox 163 3899 376 3918; x_wconf 54' lang='lat' dir='ltr'><strong>*butu—n*</strong></span> 
     </span>
    </p>
   </div>
   <div class='ocr_carea' id='block_1_7' title="bbox 253 3967 641 4043">
    <p class='ocr_par' dir='ltr' id='par_1_12' title="bbox 253 3967 641 4043">
     <span class='ocr_line' id='line_1_43' title="bbox 253 3967 641 4043; baseline -0.013 -15"><span class='ocrx_word' id='word_1_358' title='bbox 253 3972 273 4043; x_wconf 91' lang='lat'><strong>¹)</strong></span> <span class='ocrx_word' id='word_1_359' title='bbox 293 3970 334 4028; x_wconf 80' lang='lat' dir='ltr'><strong>Oi.</strong></span> <span class='ocrx_word' id='word_1_360' title='bbox 351 3969 513 4028; x_wconf 79' lang='lat' dir='ltr'><strong>Bistonium</strong></span> <span class='ocrx_word' id='word_1_361' title='bbox 531 3970 567 4027; x_wconf 90' lang='lat' dir='ltr'><strong>ad</strong></span> <span class='ocrx_word' id='word_1_362' title='bbox 584 3969 603 4024; x_wconf 90' lang='lat' dir='ltr'><strong>h</strong></span> <span class='ocrx_word' id='word_1_363' title='bbox 621 3967 641 4024; x_wconf 91' lang='lat'><strong>1.</strong></span> 
     </span>
    </p>
   </div>
   <div class='ocr_carea' id='block_1_8' title="bbox 0 0 1460 4327">
    <p class='ocr_par' dir='ltr' id='par_1_13' title="bbox 0 0 1460 4327">
     <span class='ocr_line' id='line_1_44' title="bbox 0 0 1460 4327; baseline 0 0"><span class='ocrx_word' id='word_1_364' title='bbox 0 0 1460 4327; x_wconf 95' lang='lat' dir='ltr'><strong> </strong></span> 
     </span>
    </p>
   </div>
  </div>
 </body>
</html>
