<?xml version="1.0" encoding="UTF-8"?>
<!DOCTYPE html PUBLIC "-//W3C//DTD XHTML 1.0 Transitional//EN"
    "http://www.w3.org/TR/xhtml1/DTD/xhtml1-transitional.dtd">
<html xmlns="http://www.w3.org/1999/xhtml" xml:lang="en" lang="en">
 <head>
  <title>
</title>
<meta http-equiv="Content-Type" content="text/html;charset=utf-8" />
  <meta name='ocr-system' content='tesseract 3.04.00' />
  <meta name='ocr-capabilities' content='ocr_page ocr_carea ocr_par ocr_line ocrx_word'/>
</head>
<body>
  <div class='ocr_page' id='page_1' title='image "./deartibusquasti00krafgoog_0016.png"; bbox 0 0 2912 4328; ppageno 0'>
   <div class='ocr_carea' id='block_1_1' title="bbox 603 123 801 194">
    <p class='ocr_par' dir='ltr' id='par_1_1' title="bbox 603 123 801 194">
     <span class='ocr_line' id='line_1_1' title="bbox 603 123 801 194; baseline 0 -16"><span class='ocrx_word' id='word_1_1' title='bbox 603 123 801 194; x_wconf 80' lang='grc'>..9-</span> 
     </span>
    </p>
   </div>
   <div class='ocr_carea' id='block_1_2' title="bbox 114 327 1351 2792">
    <p class='ocr_par' dir='ltr' id='par_1_2' title="bbox 114 327 1284 494">
     <span class='ocr_line' id='line_1_2' title="bbox 115 327 1284 408; baseline -0.005 -14"><span class='ocrx_word' id='word_1_2' title='bbox 115 336 249 408; x_wconf 90' lang='lat' dir='ltr'><strong>quoniam</strong></span> <span class='ocrx_word' id='word_1_3' title='bbox 271 337 412 405; x_wconf 73' lang='lat' dir='ltr'><strong>pastorem</strong></span> <span class='ocrx_word' id='word_1_4' title='bbox 435 331 584 403; x_wconf 70' lang='lat' dir='ltr'><strong>quotannis</strong></span> <span class='ocrx_word' id='word_1_5' title='bbox 608 331 730 390; x_wconf 89' lang='lat' dir='ltr'><strong>lustrare</strong></span> <span class='ocrx_word' id='word_1_6' title='bbox 753 329 846 390; x_wconf 88' lang='lat' dir='ltr'><strong>soleat</strong></span> <span class='ocrx_word' id='word_1_7' title='bbox 867 335 896 387; x_wconf 90' lang='lat' dir='ltr'><strong>et</strong></span> <span class='ocrx_word' id='word_1_8' title='bbox 911 328 978 386; x_wconf 91' lang='lat' dir='ltr'><strong>Pale</strong></span> <span class='ocrx_word' id='word_1_9' title='bbox 995 329 1031 386; x_wconf 93' lang='lat' dir='ltr'><strong>ob</strong></span> <span class='ocrx_word' id='word_1_10' title='bbox 1054 327 1201 400; x_wconf 76' lang='lat' dir='ltr'><strong>imaginem</strong></span> <span class='ocrx_word' id='word_1_11' title='bbox 1224 330 1284 401; x_wconf 88' lang='lat' dir='ltr'><strong>ejus</strong></span> 
     </span>
     <span class='ocr_line' id='line_1_3' title="bbox 114 415 609 494; baseline -0.008 -14"><span class='ocrx_word' id='word_1_12' title='bbox 114 425 191 482; x_wconf 89' lang='lat' dir='ltr'><strong>lacte</strong></span> <span class='ocrx_word' id='word_1_13' title='bbox 208 439 335 494; x_wconf 79' lang='lat' dir='ltr'><strong>sparsam</strong></span> <span class='ocrx_word' id='word_1_14' title='bbox 349 427 445 478; x_wconf 88' lang='lat' dir='ltr'><strong>utatur</strong></span> <span class='ocrx_word' id='word_1_15' title='bbox 460 415 609 492; x_wconf 88' lang='lat' dir='ltr'><strong>placida¹).</strong></span> 
     </span>
    </p>

    <p class='ocr_par' dir='ltr' id='par_1_3' title="bbox 116 507 1288 937">
     <span class='ocr_line' id='line_1_4' title="bbox 206 507 1287 579; baseline -0.006 -9"><span class='ocrx_word' id='word_1_16' title='bbox 206 513 306 570; x_wconf 80' lang='lat' dir='ltr'><strong>Restat</strong></span> <span class='ocrx_word' id='word_1_17' title='bbox 322 517 353 566; x_wconf 88' lang='lat' dir='ltr'><strong>ut</strong></span> <span class='ocrx_word' id='word_1_18' title='bbox 367 511 516 566; x_wconf 89' lang='lat' dir='ltr'><strong>nonnullos</strong></span> <span class='ocrx_word' id='word_1_19' title='bbox 531 517 720 579; x_wconf 77' lang='lat' dir='ltr'><strong>pentametros</strong></span> <span class='ocrx_word' id='word_1_20' title='bbox 736 507 971 578; x_wconf 87' lang='lat' dir='ltr'><strong>examinemus,in</strong></span> <span class='ocrx_word' id='word_1_21' title='bbox 986 508 1087 577; x_wconf 88' lang='lat' dir='ltr'><strong>quibus</strong></span> <span class='ocrx_word' id='word_1_22' title='bbox 1104 507 1141 564; x_wconf 88' lang='lat' dir='ltr'><strong>ad</strong></span> <span class='ocrx_word' id='word_1_23' title='bbox 1156 509 1287 564; x_wconf 86' lang='lat' dir='ltr'><strong>substan·</strong></span> 
     </span>
     <span class='ocr_line' id='line_1_5' title="bbox 116 596 1288 671; baseline -0.003 -15"><span class='ocrx_word' id='word_1_24' title='bbox 116 602 214 671; x_wconf 85' lang='lat' dir='ltr'><strong>tivum,</strong></span> <span class='ocrx_word' id='word_1_25' title='bbox 231 601 304 671; x_wconf 90' lang='lat' dir='ltr'><strong>quod</strong></span> <span class='ocrx_word' id='word_1_26' title='bbox 327 615 436 655; x_wconf 84' lang='lat' dir='ltr'><strong>versum</strong></span> <span class='ocrx_word' id='word_1_27' title='bbox 452 598 576 666; x_wconf 88' lang='lat' dir='ltr'><strong>claudit,</strong></span> <span class='ocrx_word' id='word_1_28' title='bbox 589 605 629 653; x_wconf 86' lang='lat' dir='ltr'><strong>&#39;et</strong></span> <span class='ocrx_word' id='word_1_29' title='bbox 652 598 817 667; x_wconf 81' lang='lat' dir='ltr'><strong>adjectivum</strong></span> <span class='ocrx_word' id='word_1_30' title='bbox 839 604 868 652; x_wconf 86' lang='lat' dir='ltr'><strong>et</strong></span> <span class='ocrx_word' id='word_1_31' title='bbox 891 596 1010 652; x_wconf 90' lang='lat' dir='ltr'><strong>alterum</strong></span> <span class='ocrx_word' id='word_1_32' title='bbox 1033 596 1236 652; x_wconf 81' lang='lat' dir='ltr'><strong>substantivum</strong></span> <span class='ocrx_word' id='word_1_33' title='bbox 1258 597 1288 652; x_wconf 87' lang='lat' dir='ltr'><strong>iu</strong></span> 
     </span>
     <span class='ocr_line' id='line_1_6' title="bbox 116 685 1285 760; baseline -0.005 -15"><span class='ocrx_word' id='word_1_34' title='bbox 116 691 243 760; x_wconf 86' lang='lat' dir='ltr'><strong>genetivo</strong></span> <span class='ocrx_word' id='word_1_35' title='bbox 259 689 469 759; x_wconf 89' lang='lat' dir='ltr'><strong>pronuntiatum</strong></span> <span class='ocrx_word' id='word_1_36' title='bbox 485 685 621 756; x_wconf 88' lang='lat' dir='ltr'><strong>inpriore</strong></span> <span class='ocrx_word' id='word_1_37' title='bbox 638 686 810 741; x_wconf 85' lang='lat' dir='ltr'><strong>hemistichia</strong></span> <span class='ocrx_word' id='word_1_38' title='bbox 826 685 918 754; x_wconf 92' lang='lat' dir='ltr'><strong>posita</strong></span> <span class='ocrx_word' id='word_1_39' title='bbox 934 685 1082 754; x_wconf 85' lang='lat' dir='ltr'><strong>pertinent.</strong></span> <span class='ocrx_word' id='word_1_40' title='bbox 1134 686 1175 740; x_wconf 84' lang='lat' dir='ltr'><strong>Ao</strong></span> <span class='ocrx_word' id='word_1_41' title='bbox 1198 691 1285 740; x_wconf 87' lang='lat' dir='ltr'><strong>metro</strong></span> 
     </span>
     <span class='ocr_line' id='line_1_7' title="bbox 118 773 1288 848; baseline -0.004 -15"><span class='ocrx_word' id='word_1_42' title='bbox 118 778 317 848; x_wconf 90' lang='lat' dir='ltr'><strong>quidemquae</strong></span> <span class='ocrx_word' id='word_1_43' title='bbox 338 780 534 845; x_wconf 87' lang='lat' dir='ltr'><strong>usurpataest</strong></span> <span class='ocrx_word' id='word_1_44' title='bbox 555 773 704 829; x_wconf 81' lang='lat' dir='ltr'><strong>collocatio</strong></span> <span class='ocrx_word' id='word_1_45' title='bbox 728 773 873 842; x_wconf 89' lang='lat' dir='ltr'><strong>flagitatur</strong></span> <span class='ocrx_word' id='word_1_46' title='bbox 904 775 957 842; x_wconf 86' lang='lat'><strong>12,</strong></span> <span class='ocrx_word' id='word_1_47' title='bbox 976 778 1026 829; x_wconf 80' lang='grc'><strong>62.</strong></span> <span class='ocrx_word' id='word_1_48' title='bbox 1060 777 1089 844; x_wconf 85' lang='grc'><strong>8,</strong></span> <span class='ocrx_word' id='word_1_49' title='bbox 1109 777 1157 828; x_wconf 85' lang='lat'><strong>18.</strong></span> <span class='ocrx_word' id='word_1_50' title='bbox 1190 776 1288 843; x_wconf 85' lang='grc'><strong>8,12.</strong></span> 
     </span>
     <span class='ocr_line' id='line_1_8' title="bbox 118 862 1285 937; baseline -0.005 -15"><span class='ocrx_word' id='word_1_51' title='bbox 118 869 146 922; x_wconf 91' lang='lat'><strong>11</strong></span> <span class='ocrx_word' id='word_1_52' title='bbox 163 869 188 937; x_wconf 82' lang='lat'><strong>5,</strong></span> <span class='ocrx_word' id='word_1_53' title='bbox 207 869 257 924; x_wconf 88' lang='grc'><strong>66.</strong></span> <span class='ocrx_word' id='word_1_54' title='bbox 304 865 358 922; x_wconf 92' lang='lat' dir='ltr'><strong>Ubi</strong></span> <span class='ocrx_word' id='word_1_55' title='bbox 375 871 467 919; x_wconf 86' lang='lat' dir='ltr'><strong>autem</strong></span> <span class='ocrx_word' id='word_1_56' title='bbox 483 862 561 922; x_wconf 89' lang='lat' dir='ltr'><strong>nulla</strong></span> <span class='ocrx_word' id='word_1_57' title='bbox 576 863 636 931; x_wconf 89' lang='lat' dir='ltr'><strong>ejus</strong></span> <span class='ocrx_word' id='word_1_58' title='bbox 653 862 725 917; x_wconf 89' lang='lat' dir='ltr'><strong>ratio</strong></span> <span class='ocrx_word' id='word_1_59' title='bbox 741 863 870 918; x_wconf 89' lang='lat' dir='ltr'><strong>habenda</strong></span> <span class='ocrx_word' id='word_1_60' title='bbox 885 869 955 931; x_wconf 87' lang='lat' dir='ltr'><strong>eret,</strong></span> <span class='ocrx_word' id='word_1_61' title='bbox 972 862 986 916; x_wconf 93' lang='lat' dir='ltr'>I</span> <span class='ocrx_word' id='word_1_62' title='bbox 1003 865 1031 931; x_wconf 83' lang='lat'><strong>9,</strong></span> <span class='ocrx_word' id='word_1_63' title='bbox 1049 864 1077 918; x_wconf 84' lang='lat'><strong>8.</strong></span> <span class='ocrx_word' id='word_1_64' title='bbox 1096 865 1124 931; x_wconf 81' lang='grc'><strong>9,</strong></span> <span class='ocrx_word' id='word_1_65' title='bbox 1137 865 1187 918; x_wconf 79' lang='grc'><strong>34,</strong></span> <span class='ocrx_word' id='word_1_66' title='bbox 1206 865 1234 932; x_wconf 84' lang='grc'><strong>9,</strong></span> <span class='ocrx_word' id='word_1_67' title='bbox 1245 864 1285 916; x_wconf 81' lang='grc'><strong>64</strong></span> 
     </span>
    </p>

    <p class='ocr_par' dir='ltr' id='par_1_4' title="bbox 225 951 869 1020">
     <span class='ocr_line' id='line_1_9' title="bbox 225 951 869 1020; baseline -0.006 -10"><span class='ocrx_word' id='word_1_68' title='bbox 225 962 254 1010; x_wconf 89' lang='lat' dir='ltr'><strong>et</strong></span> <span class='ocrx_word' id='word_1_69' title='bbox 270 955 396 1009; x_wconf 91' lang='lat' dir='ltr'><strong>durum</strong></span> <span class='ocrx_word' id='word_1_70' title='bbox 411 959 538 1007; x_wconf 89' lang='lat' dir='ltr'><strong>terrae</strong></span> <span class='ocrx_word' id='word_1_71' title='bbox 555 951 676 1008; x_wconf 88' lang='lat' dir='ltr'><strong>rusticus</strong></span> <span class='ocrx_word' id='word_1_72' title='bbox 693 958 774 1020; x_wconf 89' lang='lat' dir='ltr'><strong>urget</strong></span> <span class='ocrx_word' id='word_1_73' title='bbox 790 966 869 1020; x_wconf 90' lang='lat' dir='ltr'><strong>opus.</strong></span> 
     </span>
    </p>

    <p class='ocr_par' dir='ltr' id='par_1_5' title="bbox 226 1039 864 1109">
     <span class='ocr_line' id='line_1_10' title="bbox 226 1039 864 1109; baseline -0.005 -11"><span class='ocrx_word' id='word_1_74' title='bbox 226 1050 255 1098; x_wconf 89' lang='lat' dir='ltr'><strong>et</strong></span> <span class='ocrx_word' id='word_1_75' title='bbox 270 1056 395 1109; x_wconf 86' lang='lat' dir='ltr'><strong>regum</strong></span> <span class='ocrx_word' id='word_1_76' title='bbox 410 1053 563 1109; x_wconf 87' lang='lat' dir='ltr'><strong>magnae</strong></span> <span class='ocrx_word' id='word_1_77' title='bbox 579 1039 771 1108; x_wconf 75' lang='lat' dir='ltr'><strong>despiciantur</strong></span> <span class='ocrx_word' id='word_1_78' title='bbox 787 1055 864 1108; x_wconf 90' lang='lat' dir='ltr'><strong>opes.</strong></span> 
     </span>
    </p>

    <p class='ocr_par' dir='ltr' id='par_1_6' title="bbox 118 1127 1288 1728">
     <span class='ocr_line' id='line_1_11' title="bbox 227 1127 875 1199; baseline -0.002 -14"><span class='ocrx_word' id='word_1_79' title='bbox 227 1137 276 1186; x_wconf 87' lang='lat' dir='ltr'><strong>aut</strong></span> <span class='ocrx_word' id='word_1_80' title='bbox 291 1145 357 1199; x_wconf 90' lang='lat' dir='ltr'><strong>opo</strong></span> <span class='ocrx_word' id='word_1_81' title='bbox 368 1145 440 1184; x_wconf 88' lang='lat' dir='ltr'><strong>rum</strong></span> <span class='ocrx_word' id='word_1_82' title='bbox 456 1129 587 1184; x_wconf 82' lang='lat' dir='ltr'><strong>uarias</strong></span> <span class='ocrx_word' id='word_1_83' title='bbox 603 1127 776 1197; x_wconf 82' lang='lat' dir='ltr'><strong>disposuisse</strong></span> <span class='ocrx_word' id='word_1_84' title='bbox 792 1128 875 1196; x_wconf 80' lang='lat' dir='ltr'><strong>vices,</strong></span> 
     </span>
     <span class='ocr_line' id='line_1_12' title="bbox 118 1215 1287 1286; baseline -0.002 -10"><span class='ocrx_word' id='word_1_85' title='bbox 118 1219 249 1276; x_wconf 87' lang='lat' dir='ltr'><strong>Tibullus</strong></span> <span class='ocrx_word' id='word_1_86' title='bbox 272 1216 438 1274; x_wconf 89' lang='lat' dir='ltr'><strong>sententiam</strong></span> <span class='ocrx_word' id='word_1_87' title='bbox 460 1218 592 1286; x_wconf 85' lang='lat' dir='ltr'><strong>cujusquo</strong></span> <span class='ocrx_word' id='word_1_88' title='bbox 615 1231 715 1272; x_wconf 84' lang='lat' dir='ltr'><strong>sersus</strong></span> <span class='ocrx_word' id='word_1_89' title='bbox 727 1217 768 1272; x_wconf 82' lang='lat' dir='ltr'><strong>ita</strong></span> <span class='ocrx_word' id='word_1_90' title='bbox 784 1215 916 1286; x_wconf 80' lang='lat' dir='ltr'><strong>respexit,</strong></span> <span class='ocrx_word' id='word_1_91' title='bbox 940 1220 972 1271; x_wconf 86' lang='lat' dir='ltr'><strong>ut</strong></span> <span class='ocrx_word' id='word_1_92' title='bbox 987 1216 1015 1272; x_wconf 91' lang='lat' dir='ltr'><strong>in</strong></span> <span class='ocrx_word' id='word_1_93' title='bbox 1030 1215 1089 1286; x_wconf 91' lang='lat' dir='ltr'><strong>illo,</strong></span> <span class='ocrx_word' id='word_1_94' title='bbox 1114 1232 1185 1286; x_wconf 87' lang='lat' dir='ltr'><strong>quae</strong></span> <span class='ocrx_word' id='word_1_95' title='bbox 1202 1220 1287 1274; x_wconf 83' lang='lat' dir='ltr'><strong>verba</strong></span> 
     </span>
     <span class='ocr_line' id='line_1_13' title="bbox 120 1303 1288 1380; baseline 0 -16"><span class='ocrx_word' id='word_1_96' title='bbox 120 1308 201 1380; x_wconf 88' lang='lat' dir='ltr'><strong>quasi</strong></span> <span class='ocrx_word' id='word_1_97' title='bbox 217 1322 299 1364; x_wconf 90' lang='lat' dir='ltr'><strong>unam</strong></span> <span class='ocrx_word' id='word_1_98' title='bbox 314 1306 454 1362; x_wconf 89' lang='lat' dir='ltr'><strong>notionem</strong></span> <span class='ocrx_word' id='word_1_99' title='bbox 469 1303 593 1360; x_wconf 86' lang='lat' dir='ltr'><strong>efficiunt</strong></span> <span class='ocrx_word' id='word_1_100' title='bbox 608 1304 751 1374; x_wconf 88' lang='lat' dir='ltr'><strong>artiusque</strong></span> <span class='ocrx_word' id='word_1_101' title='bbox 767 1305 840 1360; x_wconf 83' lang='lat' dir='ltr'><strong>inter</strong></span> <span class='ocrx_word' id='word_1_102' title='bbox 855 1320 884 1360; x_wconf 87' lang='lat' dir='ltr'><strong>se</strong></span> <span class='ocrx_word' id='word_1_103' title='bbox 901 1305 1052 1362; x_wconf 85' lang='lat' dir='ltr'><strong>cohaerent</strong></span> <span class='ocrx_word' id='word_1_104' title='bbox 1067 1321 1150 1374; x_wconf 90' lang='lat' dir='ltr'><strong>quam</strong></span> <span class='ocrx_word' id='word_1_105' title='bbox 1165 1308 1288 1375; x_wconf 88' lang='lat' dir='ltr'><strong>quodiis</strong></span> 
     </span>
     <span class='ocr_line' id='line_1_14' title="bbox 120 1393 1288 1463; baseline -0.001 -10"><span class='ocrx_word' id='word_1_106' title='bbox 120 1397 287 1453; x_wconf 86' lang='lat' dir='ltr'><strong>attributum</strong></span> <span class='ocrx_word' id='word_1_107' title='bbox 302 1401 345 1450; x_wconf 88' lang='lat' dir='ltr'><strong>est</strong></span> <span class='ocrx_word' id='word_1_108' title='bbox 360 1394 526 1463; x_wconf 86' lang='lat' dir='ltr'><strong>adjectivum</strong></span> <span class='ocrx_word' id='word_1_109' title='bbox 542 1410 603 1448; x_wconf 91' lang='lat' dir='ltr'><strong>cum</strong></span> <span class='ocrx_word' id='word_1_110' title='bbox 612 1393 701 1448; x_wconf 87' lang='lat' dir='ltr'><strong>altero</strong></span> <span class='ocrx_word' id='word_1_111' title='bbox 717 1395 900 1463; x_wconf 82' lang='lat' dir='ltr'><strong>substantivo,</strong></span> <span class='ocrx_word' id='word_1_112' title='bbox 910 1409 945 1448; x_wconf 93' lang='lat' dir='ltr'><strong>ea</strong></span> <span class='ocrx_word' id='word_1_113' title='bbox 959 1394 989 1448; x_wconf 89' lang='lat' dir='ltr'><strong>in</strong></span> <span class='ocrx_word' id='word_1_114' title='bbox 1004 1395 1116 1449; x_wconf 82' lang='lat' dir='ltr'><strong>easdem</strong></span> <span class='ocrx_word' id='word_1_115' title='bbox 1130 1395 1174 1450; x_wconf 87' lang='lat' dir='ltr'><strong>sui</strong></span> <span class='ocrx_word' id='word_1_116' title='bbox 1183 1401 1288 1452; x_wconf 89' lang='lat' dir='ltr'><strong>utrum·</strong></span> 
     </span>
     <span class='ocr_line' id='line_1_15' title="bbox 121 1481 1287 1556; baseline -0.001 -16"><span class='ocrx_word' id='word_1_117' title='bbox 121 1503 174 1556; x_wconf 88' lang='lat' dir='ltr'><strong>que</strong></span> <span class='ocrx_word' id='word_1_118' title='bbox 190 1484 355 1541; x_wconf 89' lang='lat' dir='ltr'><strong>hemistichii</strong></span> <span class='ocrx_word' id='word_1_119' title='bbox 370 1483 450 1538; x_wconf 88' lang='lat' dir='ltr'><strong>sedes</strong></span> <span class='ocrx_word' id='word_1_120' title='bbox 470 1481 657 1550; x_wconf 85' lang='lat' dir='ltr'><strong>distribueret,</strong></span> <span class='ocrx_word' id='word_1_121' title='bbox 681 1482 710 1536; x_wconf 91' lang='lat' dir='ltr'><strong>in</strong></span> <span class='ocrx_word' id='word_1_122' title='bbox 732 1481 776 1539; x_wconf 94' lang='lat' dir='ltr'><strong>his</strong></span> <span class='ocrx_word' id='word_1_123' title='bbox 799 1497 879 1538; x_wconf 87' lang='lat' dir='ltr'><strong>voees</strong></span> <span class='ocrx_word' id='word_1_124' title='bbox 902 1497 1055 1552; x_wconf 85' lang='lat' dir='ltr'><strong>magnas</strong></span> <span class='ocrx_word' id='word_1_125' title='bbox 1087 1497 1191 1554; x_wconf 86' lang='lat' dir='ltr'><strong>opos,</strong></span> <span class='ocrx_word' id='word_1_126' title='bbox 1216 1500 1287 1554; x_wconf 90' lang='lat' dir='ltr'><strong>quae</strong></span> 
     </span>
     <span class='ocr_line' id='line_1_16' title="bbox 119 1570 1288 1644; baseline -0.002 -14"><span class='ocrx_word' id='word_1_127' title='bbox 119 1591 224 1644; x_wconf 86' lang='lat' dir='ltr'><strong>rogum,</strong></span> <span class='ocrx_word' id='word_1_128' title='bbox 240 1578 268 1626; x_wconf 92' lang='lat' dir='ltr'><strong>et</strong></span> <span class='ocrx_word' id='word_1_129' title='bbox 291 1572 419 1626; x_wconf 86' lang='lat' dir='ltr'><strong>varias</strong></span> <span class='ocrx_word' id='word_1_130' title='bbox 442 1570 561 1638; x_wconf 86' lang='lat' dir='ltr'><strong>vices,</strong></span> <span class='ocrx_word' id='word_1_131' title='bbox 585 1585 655 1638; x_wconf 87' lang='lat' dir='ltr'><strong>qaae</strong></span> <span class='ocrx_word' id='word_1_132' title='bbox 672 1585 788 1640; x_wconf 86' lang='lat' dir='ltr'><strong>operum</strong></span> <span class='ocrx_word' id='word_1_133' title='bbox 802 1571 949 1641; x_wconf 84' lang='lat' dir='ltr'><strong>dicuutur,</strong></span> <span class='ocrx_word' id='word_1_134' title='bbox 972 1571 1087 1640; x_wconf 87' lang='lat' dir='ltr'><strong>propias</strong></span> <span class='ocrx_word' id='word_1_135' title='bbox 1103 1574 1288 1628; x_wconf 87' lang='lat' dir='ltr'><strong>conectendas</strong></span> 
     </span>
     <span class='ocr_line' id='line_1_17' title="bbox 118 1657 652 1728; baseline -0.006 -11"><span class='ocrx_word' id='word_1_136' title='bbox 118 1678 180 1718; x_wconf 89' lang='lat' dir='ltr'><strong>osse</strong></span> <span class='ocrx_word' id='word_1_137' title='bbox 196 1662 258 1728; x_wconf 90' lang='lat' dir='ltr'><strong>ipsa</strong></span> <span class='ocrx_word' id='word_1_138' title='bbox 273 1658 458 1716; x_wconf 90' lang='lat' dir='ltr'><strong>collocatione</strong></span> <span class='ocrx_word' id='word_1_139' title='bbox 474 1657 652 1728; x_wconf 84' lang='lat' dir='ltr'><strong>significaret.</strong></span> 
     </span>
    </p>

    <p class='ocr_par' dir='ltr' id='par_1_7' title="bbox 118 1747 1289 2070">
     <span class='ocr_line' id='line_1_18' title="bbox 206 1747 1288 1818; baseline -0.001 -13"><span class='ocrx_word' id='word_1_140' title='bbox 206 1750 225 1805; x_wconf 86' lang='lat' dir='ltr'><strong>J</strong></span> <span class='ocrx_word' id='word_1_141' title='bbox 227 1764 271 1804; x_wconf 87' lang='lat' dir='ltr'><strong>sm</strong></span> <span class='ocrx_word' id='word_1_142' title='bbox 286 1763 351 1804; x_wconf 87' lang='lat' dir='ltr'><strong>vero</strong></span> <span class='ocrx_word' id='word_1_143' title='bbox 368 1748 404 1804; x_wconf 91' lang='lat' dir='ltr'><strong>ad</strong></span> <span class='ocrx_word' id='word_1_144' title='bbox 419 1747 591 1818; x_wconf 76' lang='lat' dir='ltr'><strong>Lygdamum</strong></span> <span class='ocrx_word' id='word_1_145' title='bbox 606 1753 638 1802; x_wconf 89' lang='lat' dir='ltr'><strong>ut</strong></span> <span class='ocrx_word' id='word_1_146' title='bbox 653 1753 838 1817; x_wconf 85' lang='lat' dir='ltr'><strong>transeamus,</strong></span> <span class='ocrx_word' id='word_1_147' title='bbox 854 1748 943 1805; x_wconf 90' lang='lat' dir='ltr'><strong>eidem</strong></span> <span class='ocrx_word' id='word_1_148' title='bbox 958 1749 1116 1806; x_wconf 83' lang='lat' dir='ltr'><strong>collocandi</strong></span> <span class='ocrx_word' id='word_1_149' title='bbox 1132 1747 1288 1818; x_wconf 63' lang='lat' dir='ltr'><strong>aequabili:</strong></span> 
     </span>
     <span class='ocr_line' id='line_1_19' title="bbox 118 1835 1288 1907; baseline 0.002 -15"><span class='ocrx_word' id='word_1_150' title='bbox 118 1837 173 1894; x_wconf 88' lang='lat' dir='ltr'><strong>tati</strong></span> <span class='ocrx_word' id='word_1_151' title='bbox 188 1853 250 1894; x_wconf 91' lang='lat' dir='ltr'><strong>eum</strong></span> <span class='ocrx_word' id='word_1_152' title='bbox 266 1843 296 1892; x_wconf 89' lang='lat' dir='ltr'><strong>et</strong></span> <span class='ocrx_word' id='word_1_153' title='bbox 311 1837 401 1906; x_wconf 91' lang='lat' dir='ltr'><strong>ipsum</strong></span> <span class='ocrx_word' id='word_1_154' title='bbox 410 1835 550 1892; x_wconf 85' lang='lat' dir='ltr'><strong>studuisse</strong></span> <span class='ocrx_word' id='word_1_155' title='bbox 566 1835 758 1892; x_wconf 86' lang='lat' dir='ltr'><strong>demonstrant</strong></span> <span class='ocrx_word' id='word_1_156' title='bbox 765 1840 800 1893; x_wconf 85' lang='grc'><strong>39</strong></span> <span class='ocrx_word' id='word_1_157' title='bbox 816 1853 888 1906; x_wconf 83' lang='lat' dir='ltr'><strong>quae</strong></span> <span class='ocrx_word' id='word_1_158' title='bbox 903 1838 964 1906; x_wconf 90' lang='lat' dir='ltr'><strong>ejus</strong></span> <span class='ocrx_word' id='word_1_159' title='bbox 972 1837 1081 1907; x_wconf 84' lang='lat' dir='ltr'><strong>generis</strong></span> <span class='ocrx_word' id='word_1_160' title='bbox 1097 1839 1182 1893; x_wconf 87' lang='lat' dir='ltr'><strong>habet</strong></span> <span class='ocrx_word' id='word_1_161' title='bbox 1196 1841 1288 1894; x_wconf 82' lang='lat' dir='ltr'><strong>exem·</strong></span> 
     </span>
     <span class='ocr_line' id='line_1_20' title="bbox 119 1925 1289 1996; baseline 0.002 -16"><span class='ocrx_word' id='word_1_162' title='bbox 119 1926 177 1996; x_wconf 88' lang='lat' dir='ltr'><strong>pla.</strong></span> <span class='ocrx_word' id='word_1_163' title='bbox 222 1927 394 1994; x_wconf 78' lang='lat' dir='ltr'><strong>Quamquam</strong></span> <span class='ocrx_word' id='word_1_164' title='bbox 416 1925 589 1996; x_wconf 75' lang='lat' dir='ltr'><strong>Lygdamum</strong></span> <span class='ocrx_word' id='word_1_165' title='bbox 603 1938 638 1979; x_wconf 83' lang='lat' dir='ltr'><strong>ea</strong></span> <span class='ocrx_word' id='word_1_166' title='bbox 660 1925 752 1982; x_wconf 88' lang='lat' dir='ltr'><strong>rarius</strong></span> <span class='ocrx_word' id='word_1_167' title='bbox 768 1926 880 1982; x_wconf 86' lang='lat' dir='ltr'><strong>Tibullo</strong></span> <span class='ocrx_word' id='word_1_168' title='bbox 911 1942 991 1980; x_wconf 88' lang='lat' dir='ltr'><strong>usum</strong></span> <span class='ocrx_word' id='word_1_169' title='bbox 1012 1941 1074 1982; x_wconf 84' lang='lat' dir='ltr'><strong>ease</strong></span> <span class='ocrx_word' id='word_1_170' title='bbox 1098 1928 1167 1982; x_wconf 88' lang='lat' dir='ltr'><strong>haec</strong></span> <span class='ocrx_word' id='word_1_171' title='bbox 1188 1927 1289 1982; x_wconf 88' lang='lat' dir='ltr'><strong>tabula</strong></span> 
     </span>
     <span class='ocr_line' id='line_1_21' title="bbox 120 2014 1172 2070; baseline -0.002 -2"><span class='ocrx_word' id='word_1_172' title='bbox 120 2014 217 2070; x_wconf 88' lang='lat' dir='ltr'><strong>docet:</strong></span> <span class='ocrx_word' id='word_1_173' title='bbox 1169 2033 1172 2040; x_wconf 93' lang='lat'>·</span> 
     </span>
    </p>

    <p class='ocr_par' dir='ltr' id='par_1_8' title="bbox 121 2103 1351 2792">
     <span class='ocr_line' id='line_1_22' title="bbox 1032 2103 1258 2162; baseline 0.018 -4"><span class='ocrx_word' id='word_1_174' title='bbox 1032 2103 1104 2159; x_wconf 90' lang='lat' dir='ltr'><strong>inter</strong></span> <span class='ocrx_word' id='word_1_175' title='bbox 1128 2109 1258 2162; x_wconf 88' lang='lat' dir='ltr'><strong>centenos</strong></span> 
     </span>
     <span class='ocr_line' id='line_1_23' title="bbox 387 2190 1181 2263; baseline 0 -17"><span class='ocrx_word' id='word_1_176' title='bbox 387 2190 449 2248; x_wconf 88' lang='lat' dir='ltr'><strong>Tib.</strong></span> <span class='ocrx_word' id='word_1_177' title='bbox 466 2191 558 2248; x_wconf 77' lang='lat' dir='ltr'><strong>omnia</strong></span> <span class='ocrx_word' id='word_1_178' title='bbox 573 2205 657 2248; x_wconf 82' lang='lat' dir='ltr'><strong>aaran.</strong></span> <span class='ocrx_word' id='word_1_179' title='bbox 675 2209 717 2242; x_wconf 83' lang='lat'><strong><em>=</em></strong></span> <span class='ocrx_word' id='word_1_180' title='bbox 734 2193 796 2246; x_wconf 79' lang='grc'><strong>697</strong></span> <span class='ocrx_word' id='word_1_181' title='bbox 813 2208 841 2263; x_wconf 89' lang='lat' dir='ltr'><strong>p.</strong></span> <span class='ocrx_word' id='word_1_182' title='bbox 950 2193 1005 2246; x_wconf 74' lang='grc'><strong>256</strong></span> <span class='ocrx_word' id='word_1_183' title='bbox 1112 2194 1181 2262; x_wconf 84' lang='grc'><strong>86,9</strong></span> 
     </span>
     <span class='ocr_line' id='line_1_24' title="bbox 387 2281 1184 2350; baseline 0.003 -16"><span class='ocrx_word' id='word_1_184' title='bbox 387 2281 575 2338; x_wconf 82' lang='lat' dir='ltr'><strong>17.4.s.e.</strong></span> <span class='ocrx_word' id='word_1_185' title='bbox 596 2284 633 2336; x_wconf 88' lang='grc'><strong>10</strong></span> <span class='ocrx_word' id='word_1_186' title='bbox 673 2283 795 2336; x_wconf 79' lang='lat'>:189</span> <span class='ocrx_word' id='word_1_187' title='bbox 812 2297 840 2350; x_wconf 92' lang='lat' dir='ltr'><strong>p.</strong></span> <span class='ocrx_word' id='word_1_188' title='bbox 969 2283 1004 2334; x_wconf 84' lang='grc'><strong>66</strong></span> <span class='ocrx_word' id='word_1_189' title='bbox 1111 2283 1184 2350; x_wconf 54' lang='grc' dir='ltr'><strong>966Ι</strong></span> 
     </span>
     <span class='ocr_line' id='line_1_25' title="bbox 121 2362 1181 2438; baseline 0.002 -17"><span class='ocrx_word' id='word_1_190' title='bbox 121 2365 569 2426; x_wconf 61' lang='lat' dir='ltr'><strong>irascereris-rua.</strong></span> <span class='ocrx_word' id='word_1_191' title='bbox 590 2362 653 2436; x_wconf 69' lang='grc' dir='ltr'><strong>η’)</strong></span> <span class='ocrx_word' id='word_1_192' title='bbox 669 2387 711 2420; x_wconf 80' lang='lat'>=</span> <span class='ocrx_word' id='word_1_193' title='bbox 728 2367 790 2424; x_wconf 85' lang='lat' dir='ltr'><strong>sos</strong></span> <span class='ocrx_word' id='word_1_194' title='bbox 808 2385 835 2438; x_wconf 81' lang='lat' dir='ltr'><strong>p.</strong></span> <span class='ocrx_word' id='word_1_195' title='bbox 948 2371 1001 2424; x_wconf 83' lang='lat' dir='ltr'><strong>ree</strong></span> <span class='ocrx_word' id='word_1_196' title='bbox 1109 2371 1181 2438; x_wconf 65' lang='lat' dir='ltr'><strong>suo</strong></span> 
     </span>
     <span class='ocr_line' id='line_1_26' title="bbox 569 2457 1181 2528; baseline 0 -16"><span class='ocrx_word' id='word_1_197' title='bbox 569 2457 836 2528; x_wconf 82' lang='lat' dir='ltr'><strong>Lygd.:··..145p.</strong></span> <span class='ocrx_word' id='word_1_198' title='bbox 966 2459 1001 2513; x_wconf 83' lang='grc'><strong>69</strong></span> <span class='ocrx_word' id='word_1_199' title='bbox 1110 2461 1181 2528; x_wconf 84' lang='grc'><strong>96,9</strong></span> 
     </span>
     <span class='ocr_line' id='line_1_27' title="bbox 122 2542 1080 2615; baseline 0.003 -16"><span class='ocrx_word' id='word_1_200' title='bbox 122 2545 183 2613; x_wconf 76' lang='lat' dir='ltr'><strong>Qua</strong></span> <span class='ocrx_word' id='word_1_201' title='bbox 199 2542 385 2599; x_wconf 88' lang='lat' dir='ltr'><strong>concinnitate</strong></span> <span class='ocrx_word' id='word_1_202' title='bbox 401 2545 476 2614; x_wconf 90' lang='lat' dir='ltr'><strong>quod</strong></span> <span class='ocrx_word' id='word_1_203' title='bbox 492 2549 521 2615; x_wconf 85' lang='lat'><strong>4,</strong></span> <span class='ocrx_word' id='word_1_204' title='bbox 537 2548 572 2600; x_wconf 81' lang='lat'><strong>70</strong></span> <span class='ocrx_word' id='word_1_205' title='bbox 994 2583 995 2588; x_wconf 22' lang='grc' dir='ltr'><strong>κ</strong></span> <span class='ocrx_word' id='word_1_206' title='bbox 1078 2553 1080 2559; x_wconf 87' lang='grc'><strong>“</strong></span> 
     </span>
     <span class='ocr_line' id='line_1_28' title="bbox 229 2630 930 2692; baseline 0.009 -7"><span class='ocrx_word' id='word_1_207' title='bbox 229 2647 280 2687; x_wconf 89' lang='lat' dir='ltr'><strong>nec</strong></span> <span class='ocrx_word' id='word_1_208' title='bbox 297 2630 443 2688; x_wconf 90' lang='lat' dir='ltr'><strong>similes</strong></span> <span class='ocrx_word' id='word_1_209' title='bbox 460 2632 614 2691; x_wconf 79' lang='lat' dir='ltr'><strong>choralis</strong></span> <span class='ocrx_word' id='word_1_210' title='bbox 630 2635 746 2692; x_wconf 87' lang='lat' dir='ltr'><strong>reddere</strong></span> <span class='ocrx_word' id='word_1_211' title='bbox 762 2647 828 2690; x_wconf 86' lang='lat' dir='ltr'><strong>voce</strong></span> <span class='ocrx_word' id='word_1_212' title='bbox 845 2649 930 2692; x_wconf 88' lang='lat' dir='ltr'><strong>sonos</strong></span> 
     </span>
     <span class='ocr_line' id='line_1_29' title="bbox 123 2719 1351 2792; baseline 0.002 -16"><span class='ocrx_word' id='word_1_213' title='bbox 123 2719 266 2788; x_wconf 85' lang='lat' dir='ltr'><strong>abstinuit,</strong></span> <span class='ocrx_word' id='word_1_214' title='bbox 283 2719 347 2774; x_wconf 87' lang='lat' dir='ltr'><strong>inde</strong></span> <span class='ocrx_word' id='word_1_215' title='bbox 363 2726 489 2792; x_wconf 91' lang='lat' dir='ltr'><strong>apparet,</strong></span> <span class='ocrx_word' id='word_1_216' title='bbox 504 2720 558 2776; x_wconf 89' lang='lat' dir='ltr'><strong>etsi</strong></span> <span class='ocrx_word' id='word_1_217' title='bbox 574 2721 685 2790; x_wconf 85' lang='lat' dir='ltr'><strong>liuguae</strong></span> <span class='ocrx_word' id='word_1_218' title='bbox 702 2737 769 2777; x_wconf 89' lang='lat' dir='ltr'><strong>suae</strong></span> <span class='ocrx_word' id='word_1_219' title='bbox 784 2738 840 2777; x_wconf 91' lang='lat' dir='ltr'><strong>non</strong></span> <span class='ocrx_word' id='word_1_220' title='bbox 855 2723 896 2776; x_wconf 89' lang='lat' dir='ltr'><strong>ita</strong></span> <span class='ocrx_word' id='word_1_221' title='bbox 917 2737 1030 2790; x_wconf 89' lang='lat' dir='ltr'><strong>compos</strong></span> <span class='ocrx_word' id='word_1_222' title='bbox 1045 2721 1139 2792; x_wconf 79' lang='lat' dir='ltr'><strong>fuerit,</strong></span> <span class='ocrx_word' id='word_1_223' title='bbox 1155 2728 1290 2792; x_wconf 84' lang='lat' dir='ltr'><strong>utaequa</strong></span> <span class='ocrx_word' id='word_1_224' title='bbox 1349 2741 1351 2744; x_wconf 90' lang='lat'>·</span> 
     </span>
    </p>
   </div>
   <div class='ocr_carea' id='block_1_3' title="bbox 124 2809 1410 2970">
    <p class='ocr_par' dir='ltr' id='par_1_9' title="bbox 124 2809 1410 2970">
     <span class='ocr_line' id='line_1_30' title="bbox 124 2809 1384 2881; baseline 0.003 -18"><span class='ocrx_word' id='word_1_225' title='bbox 124 2826 187 2864; x_wconf 87' lang='lat' dir='ltr'><strong>raro</strong></span> <span class='ocrx_word' id='word_1_226' title='bbox 204 2825 237 2865; x_wconf 87' lang='lat' dir='ltr'><strong>ao</strong></span> <span class='ocrx_word' id='word_1_227' title='bbox 253 2809 382 2866; x_wconf 87' lang='lat' dir='ltr'><strong>Tibullus</strong></span> <span class='ocrx_word' id='word_1_228' title='bbox 403 2809 492 2878; x_wconf 87' lang='lat' dir='ltr'><strong>legam</strong></span> <span class='ocrx_word' id='word_1_229' title='bbox 508 2810 585 2864; x_wconf 88' lang='lat' dir='ltr'><strong>illam</strong></span> <span class='ocrx_word' id='word_1_230' title='bbox 608 2809 642 2864; x_wconf 84' lang='lat' dir='ltr'><strong>sle</strong></span> <span class='ocrx_word' id='word_1_231' title='bbox 658 2810 760 2879; x_wconf 87' lang='lat' dir='ltr'><strong>prioris</strong></span> <span class='ocrx_word' id='word_1_232' title='bbox 783 2810 949 2866; x_wconf 87' lang='lat' dir='ltr'><strong>hemistichii</strong></span> <span class='ocrx_word' id='word_1_233' title='bbox 972 2810 1090 2880; x_wconf 88' lang='lat' dir='ltr'><strong>pedibus</strong></span> <span class='ocrx_word' id='word_1_234' title='bbox 1112 2812 1291 2867; x_wconf 85' lang='lat' dir='ltr'><strong>constitutum</strong></span> <span class='ocrx_word' id='word_1_235' title='bbox 1382 2877 1384 2881; x_wconf 66' lang='lat'><strong>,</strong></span> 
     </span>
     <span class='ocr_line' id='line_1_31' title="bbox 124 2891 1410 2970; baseline 0.005 -20"><span class='ocrx_word' id='word_1_236' title='bbox 124 2891 315 2967; x_wconf 64' lang='lat' dir='ltr'><strong>neglegeretlj,</strong></span> <span class='ocrx_word' id='word_1_237' title='bbox 332 2904 425 2954; x_wconf 87' lang='lat' dir='ltr'><strong>tamen</strong></span> <span class='ocrx_word' id='word_1_238' title='bbox 440 2913 503 2954; x_wconf 90' lang='lat' dir='ltr'><strong>eum</strong></span> <span class='ocrx_word' id='word_1_239' title='bbox 518 2898 595 2954; x_wconf 88' lang='lat' dir='ltr'><strong>haud</strong></span> <span class='ocrx_word' id='word_1_240' title='bbox 609 2897 792 2954; x_wconf 83' lang='lat' dir='ltr'><strong>immemorem</strong></span> <span class='ocrx_word' id='word_1_241' title='bbox 808 2899 868 2968; x_wconf 89' lang='lat' dir='ltr'><strong>ejus</strong></span> <span class='ocrx_word' id='word_1_242' title='bbox 883 2897 978 2956; x_wconf 79' lang='lat' dir='ltr'><strong>fuisse.</strong></span> <span class='ocrx_word' id='word_1_243' title='bbox 1017 2900 1096 2967; x_wconf 79' lang='lat' dir='ltr'><strong>Quod</strong></span> <span class='ocrx_word' id='word_1_244' title='bbox 1111 2905 1173 2955; x_wconf 83' lang='lat' dir='ltr'><strong>tum</strong></span> <span class='ocrx_word' id='word_1_245' title='bbox 1188 2901 1229 2954; x_wconf 91' lang='lat' dir='ltr'><strong>ita</strong></span> <span class='ocrx_word' id='word_1_246' title='bbox 1245 2902 1291 2970; x_wconf 88' lang='lat' dir='ltr'><strong>sit,</strong></span> <span class='ocrx_word' id='word_1_247' title='bbox 1405 2917 1410 2924; x_wconf 65' lang='lat'><strong><em>¹</em></strong></span> 
     </span>
    </p>
   </div>
   <div class='ocr_carea' id='block_1_4' title="bbox 110 2984 1293 3413">
    <p class='ocr_par' dir='ltr' id='par_1_10' title="bbox 110 2984 1293 3413">
     <span class='ocr_line' id='line_1_32' title="bbox 125 2984 1291 3059; baseline 0.006 -22"><span class='ocrx_word' id='word_1_248' title='bbox 125 2999 157 3037; x_wconf 91' lang='lat' dir='ltr'><strong>ne</strong></span> <span class='ocrx_word' id='word_1_249' title='bbox 174 2984 202 3038; x_wconf 90' lang='lat' dir='ltr'><strong>in</strong></span> <span class='ocrx_word' id='word_1_250' title='bbox 218 2984 274 3040; x_wconf 90' lang='lat' dir='ltr'><strong>illie</strong></span> <span class='ocrx_word' id='word_1_251' title='bbox 289 2986 398 3054; x_wconf 88' lang='lat' dir='ltr'><strong>quidem</strong></span> <span class='ocrx_word' id='word_1_252' title='bbox 414 2986 549 3056; x_wconf 81' lang='lat' dir='ltr'><strong>versibus,</strong></span> <span class='ocrx_word' id='word_1_253' title='bbox 566 2986 599 3042; x_wconf 90' lang='lat' dir='ltr'><strong>de</strong></span> <span class='ocrx_word' id='word_1_254' title='bbox 616 2987 715 3054; x_wconf 90' lang='lat' dir='ltr'><strong>quibus</strong></span> <span class='ocrx_word' id='word_1_255' title='bbox 732 3003 817 3056; x_wconf 86' lang='lat' dir='ltr'><strong>supra</strong></span> <span class='ocrx_word' id='word_1_256' title='bbox 833 2987 902 3042; x_wconf 90' lang='lat' dir='ltr'><strong>nihil</strong></span> <span class='ocrx_word' id='word_1_257' title='bbox 918 2988 1145 3059; x_wconf 86' lang='lat' dir='ltr'><strong>asseveravimus,</strong></span> <span class='ocrx_word' id='word_1_258' title='bbox 1154 2992 1180 3057; x_wconf 86' lang='lat'><strong>4,</strong></span> <span class='ocrx_word' id='word_1_259' title='bbox 1193 2992 1210 3043; x_wconf 84' lang='grc'><strong>9</strong></span> <span class='ocrx_word' id='word_1_260' title='bbox 1221 2995 1250 3044; x_wconf 91' lang='lat' dir='ltr'><strong>et</strong></span> <span class='ocrx_word' id='word_1_261' title='bbox 1265 2992 1291 3059; x_wconf 80' lang='lat' dir='ltr'><strong>d,</strong></span> 
     </span>
     <span class='ocr_line' id='line_1_33' title="bbox 126 3072 1292 3148; baseline 0.005 -20"><span class='ocrx_word' id='word_1_262' title='bbox 126 3075 176 3141; x_wconf 83' lang='lat'><strong>34,</strong></span> <span class='ocrx_word' id='word_1_263' title='bbox 193 3072 251 3128; x_wconf 89' lang='lat' dir='ltr'><strong>siue</strong></span> <span class='ocrx_word' id='word_1_264' title='bbox 268 3073 350 3140; x_wconf 89' lang='lat' dir='ltr'><strong>hujus</strong></span> <span class='ocrx_word' id='word_1_265' title='bbox 365 3075 435 3144; x_wconf 88' lang='lat' dir='ltr'><strong>legis</strong></span> <span class='ocrx_word' id='word_1_266' title='bbox 451 3075 558 3130; x_wconf 84' lang='lat' dir='ltr'><strong>ratione</strong></span> <span class='ocrx_word' id='word_1_267' title='bbox 575 3075 641 3144; x_wconf 89' lang='lat' dir='ltr'><strong>quin</strong></span> <span class='ocrx_word' id='word_1_268' title='bbox 657 3075 708 3131; x_wconf 89' lang='lat' dir='ltr'><strong>illu</strong></span> <span class='ocrx_word' id='word_1_269' title='bbox 723 3077 786 3146; x_wconf 88' lang='lat' dir='ltr'><strong>ipsa</strong></span> <span class='ocrx_word' id='word_1_270' title='bbox 802 3075 950 3132; x_wconf 87' lang='lat' dir='ltr'><strong>collocatio</strong></span> <span class='ocrx_word' id='word_1_271' title='bbox 967 3077 1093 3132; x_wconf 86' lang='lat' dir='ltr'><strong>adhibita</strong></span> <span class='ocrx_word' id='word_1_272' title='bbox 1114 3077 1151 3132; x_wconf 87' lang='lat' dir='ltr'><strong>sit</strong></span> <span class='ocrx_word' id='word_1_273' title='bbox 1167 3091 1221 3134; x_wconf 91' lang='lat' dir='ltr'><strong>uon</strong></span> <span class='ocrx_word' id='word_1_274' title='bbox 1234 3078 1292 3148; x_wconf 89' lang='lat' dir='ltr'><strong>jam</strong></span> 
     </span>
     <span class='ocr_line' id='line_1_34' title="bbox 110 3159 1293 3222; baseline 0.003 -4"><span class='ocrx_word' id='word_1_275' title='bbox 110 3159 321 3218; x_wconf 87' lang='lat' dir='ltr'><strong>dubitabimus.</strong></span> <span class='ocrx_word' id='word_1_276' title='bbox 367 3163 472 3218; x_wconf 87' lang='lat' dir='ltr'><strong>Deinde</strong></span> <span class='ocrx_word' id='word_1_277' title='bbox 489 3171 582 3219; x_wconf 90' lang='lat' dir='ltr'><strong>autem</strong></span> <span class='ocrx_word' id='word_1_278' title='bbox 597 3163 651 3219; x_wconf 84' lang='lat' dir='ltr'><strong>erit</strong></span> <span class='ocrx_word' id='word_1_279' title='bbox 665 3164 750 3220; x_wconf 88' lang='lat' dir='ltr'><strong>etiam</strong></span> <span class='ocrx_word' id='word_1_280' title='bbox 773 3181 823 3220; x_wconf 88' lang='lat' dir='ltr'><strong>cur</strong></span> <span class='ocrx_word' id='word_1_281' title='bbox 838 3180 886 3222; x_wconf 89' lang='lat' dir='ltr'><strong>eos</strong></span> <span class='ocrx_word' id='word_1_282' title='bbox 903 3167 999 3221; x_wconf 83' lang='lat' dir='ltr'><strong>versus</strong></span> <span class='ocrx_word' id='word_1_283' title='bbox 1016 3166 1174 3222; x_wconf 88' lang='lat' dir='ltr'><strong>accuratius</strong></span> <span class='ocrx_word' id='word_1_284' title='bbox 1189 3168 1293 3222; x_wconf 87' lang='lat' dir='ltr'><strong>exami-</strong></span> 
     </span>
     <span class='ocr_line' id='line_1_35' title="bbox 127 3249 1293 3323; baseline 0.006 -19"><span class='ocrx_word' id='word_1_285' title='bbox 127 3265 231 3318; x_wconf 87' lang='lat' dir='ltr'><strong>nemus,</strong></span> <span class='ocrx_word' id='word_1_286' title='bbox 248 3249 277 3303; x_wconf 89' lang='lat' dir='ltr'><strong>in</strong></span> <span class='ocrx_word' id='word_1_287' title='bbox 293 3249 395 3318; x_wconf 91' lang='lat' dir='ltr'><strong>quibus</strong></span> <span class='ocrx_word' id='word_1_288' title='bbox 411 3250 569 3319; x_wconf 77' lang='lat' dir='ltr'><strong>Lygdamus</strong></span> <span class='ocrx_word' id='word_1_289' title='bbox 585 3269 636 3308; x_wconf 85' lang='lat' dir='ltr'><strong>nec</strong></span> <span class='ocrx_word' id='word_1_290' title='bbox 652 3259 739 3308; x_wconf 86' lang='lat' dir='ltr'><strong>metro</strong></span> <span class='ocrx_word' id='word_1_291' title='bbox 755 3270 806 3310; x_wconf 87' lang='lat' dir='ltr'><strong>noc</strong></span> <span class='ocrx_word' id='word_1_292' title='bbox 821 3255 967 3310; x_wconf 87' lang='lat' dir='ltr'><strong>verborum</strong></span> <span class='ocrx_word' id='word_1_293' title='bbox 982 3254 1090 3308; x_wconf 87' lang='lat' dir='ltr'><strong>ratione</strong></span> <span class='ocrx_word' id='word_1_294' title='bbox 1106 3263 1221 3323; x_wconf 88' lang='lat' dir='ltr'><strong>cogente</strong></span> <span class='ocrx_word' id='word_1_295' title='bbox 1237 3256 1293 3311; x_wconf 90' lang='lat' dir='ltr'><strong>ele·</strong></span> 
     </span>
     <span class='ocr_line' id='line_1_36' title="bbox 126 3337 999 3413; baseline 0.003 -21"><span class='ocrx_word' id='word_1_296' title='bbox 126 3337 249 3406; x_wconf 82' lang='lat' dir='ltr'><strong>gantiam</strong></span> <span class='ocrx_word' id='word_1_297' title='bbox 264 3338 341 3392; x_wconf 90' lang='lat' dir='ltr'><strong>illam</strong></span> <span class='ocrx_word' id='word_1_298' title='bbox 356 3339 576 3408; x_wconf 83' lang='lat' dir='ltr'><strong>praetermisisse</strong></span> <span class='ocrx_word' id='word_1_299' title='bbox 592 3342 710 3398; x_wconf 84' lang='lat' dir='ltr'><strong>uidetur.</strong></span> <span class='ocrx_word' id='word_1_300' title='bbox 756 3343 811 3398; x_wconf 79' lang='lat' dir='ltr'><strong>Sed</strong></span> <span class='ocrx_word' id='word_1_301' title='bbox 826 3343 899 3398; x_wconf 88' lang='lat' dir='ltr'><strong>euim</strong></span> <span class='ocrx_word' id='word_1_302' title='bbox 914 3345 944 3413; x_wconf 81' lang='lat'><strong>4,</strong></span> <span class='ocrx_word' id='word_1_303' title='bbox 963 3345 999 3398; x_wconf 79' lang='grc'><strong>69</strong></span> 
     </span>
    </p>
   </div>
   <div class='ocr_carea' id='block_1_5' title="bbox 214 3471 1294 4062">
    <p class='ocr_par' dir='ltr' id='par_1_11' title="bbox 214 3471 1294 4062">
     <span class='ocr_line' id='line_1_37' title="bbox 215 3471 944 3588; baseline -0.014 -47"><span class='ocrx_word' id='word_1_304' title='bbox 215 3487 236 3588; x_wconf 55' lang='lat'><strong>2)</strong></span> <span class='ocrx_word' id='word_1_305' title='bbox 257 3485 297 3540; x_wconf 80' lang='lat' dir='ltr'><strong>cs.</strong></span> <span class='ocrx_word' id='word_1_306' title='bbox 316 3471 478 3570; x_wconf 74' lang='lat' dir='ltr'><strong>Disssnium</strong></span> <span class='ocrx_word' id='word_1_307' title='bbox 496 3488 531 3542; x_wconf 70' lang='lat' dir='ltr'><strong>su</strong></span> <span class='ocrx_word' id='word_1_308' title='bbox 545 3487 576 3574; x_wconf 79' lang='lat' dir='ltr'><strong>n.</strong></span> <span class='ocrx_word' id='word_1_309' title='bbox 595 3489 615 3572; x_wconf 85' lang='lat'><strong>¹:</strong></span> <span class='ocrx_word' id='word_1_310' title='bbox 937 3561 944 3574; x_wconf 25' lang='grc' dir='ltr'><strong>ο</strong></span> 
     </span>
     <span class='ocr_line' id='line_1_38' title="bbox 214 3557 1294 3704; baseline 0.002 -22"><span class='ocrx_word' id='word_1_311' title='bbox 214 3557 1294 3704; x_wconf 53' lang='lat' dir='ltr'><strong>tu.sarulsus.‚certeseiadeterruitque2³⁶⁵r·</strong></span> 
     </span>
     <span class='ocr_line' id='line_1_39' title="bbox 567 3703 869 3840; baseline -0.023 -4"><span class='ocrx_word' id='word_1_312' title='bbox 567 3772 599 3828; x_wconf 82' lang='lat' dir='ltr'><strong>ds</strong></span> <span class='ocrx_word' id='word_1_313' title='bbox 694 3703 742 3832; x_wconf 52' lang='grc'><strong>199</strong></span> <span class='ocrx_word' id='word_1_314' title='bbox 753 3705 869 3840; x_wconf 57' lang='grc' dir='ltr'><strong>(Ἢ)</strong></span> 
     </span>
     <span class='ocr_line' id='line_1_40' title="bbox 565 3843 858 3911; baseline 0.014 -13"><span class='ocrx_word' id='word_1_315' title='bbox 565 3843 601 3898; x_wconf 84' lang='lat' dir='ltr'><strong>so</strong></span> <span class='ocrx_word' id='word_1_316' title='bbox 708 3847 743 3902; x_wconf 80' lang='lat' dir='ltr'><strong>aa</strong></span> <span class='ocrx_word' id='word_1_317' title='bbox 796 3849 858 3911; x_wconf 79' lang='lat' dir='ltr'><strong>sao</strong></span> 
     </span>
     <span class='ocr_line' id='line_1_41' title="bbox 567 3914 855 3982; baseline -0.014 -4"><span class='ocrx_word' id='word_1_318' title='bbox 567 3914 600 3971; x_wconf 77' lang='lat' dir='ltr'><strong>ss</strong></span> <span class='ocrx_word' id='word_1_319' title='bbox 706 3919 742 3974; x_wconf 81' lang='lat' dir='ltr'><strong>sa</strong></span> <span class='ocrx_word' id='word_1_320' title='bbox 795 3919 855 3982; x_wconf 77' lang='lat' dir='ltr'><strong>rur</strong></span> 
     </span>
     <span class='ocr_line' id='line_1_42' title="bbox 572 3989 858 4062; baseline -0.003 -12"><span class='ocrx_word' id='word_1_321' title='bbox 572 3999 601 4042; x_wconf 82' lang='lat' dir='ltr'><strong>ss</strong></span> <span class='ocrx_word' id='word_1_322' title='bbox 707 3989 743 4046; x_wconf 83' lang='lat' dir='ltr'><strong>ss</strong></span> <span class='ocrx_word' id='word_1_323' title='bbox 796 3989 858 4062; x_wconf 73' lang='lat' dir='ltr'><strong>auo</strong></span> 
     </span>
    </p>
   </div>
   <div class='ocr_carea' id='block_1_6' title="bbox 0 0 1475 4328">
    <p class='ocr_par' dir='ltr' id='par_1_12' title="bbox 0 0 1475 4328">
     <span class='ocr_line' id='line_1_43' title="bbox 0 0 1475 4328; baseline 0 0"><span class='ocrx_word' id='word_1_324' title='bbox 0 0 1475 4328; x_wconf 95' lang='lat' dir='ltr'><strong> </strong></span> 
     </span>
    </p>
   </div>
  </div>
 </body>
</html>
