2912 4328
589 109 808 181 ...25-

216 321 246 392 4,
266 317 391 389 17jam
420 314 499 374 Nox
529 312 740 373 aetherium
755 310 842 382 nigris
856 323 969 368 emensa
984 307 1137 379 quadrigis.

263 410 302 464 39
319 408 392 464 hanc
406 404 558 476 primum
580 402 735 460 veniens
757 401 865 472 plectro
881 399 1042 456 modulatus
1057 398 1173 458 eburno.

261 500 301 552 41
320 495 584 564 sedpostquam
613 492 770 552 fuerant
800 489 881 560 digiti
897 505 959 548 oum
973 502 1040 544 voce
1056 485 1153 542 locuti.

263 587 301 640 53
320 597 385 652 pro
402 598 473 652 qua
489 580 686 637 sollicitas
703 578 837 635 caelestia
853 577 966 634 numina
981 575 1065 633 votis.

218 673 243 741 6,
262 673 300 726 29
319 657 487 740 quamvis
503 669 611 724 nulla
626 669 693 724 mei
708 674 835 736 superest
850 667 903 722 tibi
918 682 994 737 cura,
1011 662 1118 722 Neaira

112 759 310 830 asimpliciora
326 760 473 815 verborum
488 757 583 814 ordine
600 755 746 812 deflectere
762 755 862 814 noluit.

200 849 244 904 Ad
261 848 380 903 alterum
396 863 413 902 a
429 845 614 902 concinnitate
630 845 681 900 illa
690 844 849 900 discedendi
857 858 945 913 genus
961 847 993 897 ut
1008 837 1286 910 transeamus,etiam

111 939 270 1008 Lygdamus
292 935 362 992 satie
379 950 484 1005 saepe,
501 934 584 990 vicies
609 939 723 1004 quater,
739 947 772 990 eo
796 949 863 988 usus
878 937 931 988 est.
968 931 1056 1000 Quam
1072 928 1284 986 collocationem

112 1043 162 1084 eur
178 1025 250 1080 etin
265 1024 369 1079 talibus
385 1023 520 1092 versibus,
537 1023 628 1093 qualis
643 1029 686 1078 est
703 1025 732 1091 2,
753 1025 789 1075 11

221 1118 285 1170 aute
300 1127 389 1168 meum
404 1111 497 1168 veniat
513 1111 611 1181 longos
626 1111 767 1180 incompta
783 1109 916 1179 capillos..

113 1207 142 1258 et
157 1200 259 1258 inhia:

220 1291 292 1360 4,65
310 1303 410 1344 saevus
425 1287 511 1344 Amor
527 1287 656 1346 docuit
686 1285 838 1343 validos
854 1289 990 1356 temptare
1007 1285 1128 1355 laboras,

362 1393 462 1434 saevus
478 1377 565 1434 Amor
580 1375 675 1433 docuit
690 1377 806 1432 verbera
820 1389 903 1444 posse
918 1373 987 1443 pati.

188 1509 200 1524 c
220 1467 292 1536 6,53
311 1480 394 1536 quam
409 1465 509 1522 vellem
524 1471 643 1523 tecum
658 1465 791 1533 longas
807 1463 981 1534 requiescere
997 1467 1094 1518 noctes

364 1559 393 1608 et
408 1559 499 1610 tecum
513 1554 613 1622 longas
628 1553 794 1622 pervigilare
811 1552 870 1608 dies

116 1639 285 1710 adhibuerit,
301 1655 352 1710 per
367 1655 397 1698 se
412 1642 508 1712 liquet.
540 1641 610 1698 Tum
625 1641 653 1696 in
668 1643 767 1697 horum
782 1656 911 1696 versuum
926 1653 1109 1708 unoquoque:

227 1733 295 1800 1,21
314 1729 363 1786 sed
379 1730 497 1799 primum
511 1730 681 1802 meritam
695 1729 809 1798 longa
824 1728 926 1784 donato
943 1727 1043 1783 salute.

225 1816 297 1889 ale
313 1824 343 1874 et
358 1819 479 1875 nondum
495 1817 580 1876 cani
594 1818 725 1888 nigros
741 1816 848 1874 laesere
864 1816 992 1886 capillos.

225 1909 294 1978 6,ss
314 1906 354 1962 sic
370 1907 469 1962 cocinit
483 1922 549 1976 pro
565 1911 600 1962 te
616 1908 765 1977 doetus,
781 1904 878 1975 Minoi,
895 1897 1057 1972 Catullus¹).

258 1997 296 2048 bl
315 1994 453 2051 sollicitus
467 2001 635 2064 repetam
650 2000 733 2049 tota
749 1993 870 2063 suspiria
885 1985 992 2060 nocoei)
1015 2035 1018 2050 .

117 2097 189 2152 quae
204 2097 258 2137 vox
274 2082 440 2150 adjectivum
456 2097 474 2140 a
488 2082 554 2138 sede
570 2087 711 2153 tamquam
726 2082 786 2152 eius
806 2080 921 2152 propria
945 2079 1059 2152 dejecit,
1076 2095 1110 2136 ea
1133 2081 1287 2150 grauiorem

119 2171 206 2226 babet
222 2169 426 2226 auctoritatem.
456 2171 549 2240 Atque
565 2170 637 2226 idem
653 2171 729 2227 eadit
743 2171 773 2226 in
788 2171 861 2226 bunc
876 2185 999 2226 veroum:

225 2260 297 2329 6,59
320 2273 376 2314 non
398 2273 450 2329 eqo
472 2259 496 2315 si
511 2258 636 2328 fugiat
650 2265 805 2317 nostrae
830 2257 955 2315 convivia
977 2272 1098 2320 mensae.

13 2343 14 2346 ’
117 2344 173 2401 Ubi
188 2363 250 2404 curn
258 2346 434 2406 Broukbusio
443 2346 560 2417 aliisque
569 2347 691 2418 aliquam
699 2346 856 2403 libertinam
864 2352 895 2402 ut
903 2345 1097 2414 intellegamus
1105 2345 1165 2402 fieri
1174 2361 1289 2416 prorsus

117 2448 173 2488 non
187 2441 289 2504 potest,
306 2451 367 2490 cum
382 2435 410 2490 iu
432 2435 659 2494 antecedentibus
682 2450 788 2504 semper
805 2435 838 2489 de
853 2435 965 2490 Neaera
981 2433 1086 2490 dictum
1107 2434 1153 2492 sit.
1192 2435 1288 2505 Neque

116 2521 206 2590 magis
220 2522 348 2578 Disseuio
365 2523 508 2580 credemus
516 2524 654 2580 Neaeram
669 2523 710 2580 ita
725 2523 877 2594 significari
889 2523 1036 2592 judicanti,
1049 2529 1090 2594 ut,
1106 2539 1140 2579 ne
1156 2539 1289 2593 praesens

117 2609 228 2678 quidem
245 2609 269 2665 si
285 2610 359 2666 adsit
374 2627 409 2666 ea
424 2611 557 2683 convivio,
574 2612 608 2668 da
625 2627 679 2681 quo
696 2613 798 2682 agitur,
814 2617 843 2666 et
858 2617 971 2682 repente
987 2611 1122 2682 aufugiat,
1130 2611 1288 2682 Lygdamus

118 2712 147 2752 se
171 2713 300 2766 magnum
324 2697 447 2754 dolorem
468 2700 532 2755 inde
555 2707 734 2770 accepturum
755 2717 817 2758 csse
841 2701 925 2756 dicat.
971 2699 1026 2754 Sed
1047 2701 1132 2757 verba
1153 2701 1204 2755 iila
1227 2717 1289 2756 curn

118 2785 225 2856 Heyuio
248 2785 288 2841 sie
304 2786 557 2858 interpretabimur,
579 2795 612 2845 ut
626 2793 720 2860 poeta,
744 2789 768 2844 si
784 2789 895 2846 Neaera
917 2802 947 2844 ra
964 2803 1031 2843 vera
1043 2787 1141 2862 vipsum
1155 2788 1246 2858 fugiat
1260 2795 1290 2844 et

120 2890 180 2927 cum
197 2874 352 2930 alioviveue
365 2875 453 2946 malit,
470 2891 498 2932 se
515 2891 570 2932 non
579 2883 640 2932 tota
650 2883 731 2932 nocte
739 2877 860 2947 suspiria
875 2875 1058 2946 repetiturum
1067 2877 1157 2932 dicere
1165 2883 1289 2946 putetur.

118 2961 158 3015 Et
172 2961 237 3016 huic
253 2963 347 3019 sensui
364 2965 492 3022 conuenit
507 2965 655 3021 verborum
669 2965 827 3022 collocatio.
858 2965 934 3020 Nam.
946 2965 1070 3034 quamvis
1086 2971 1185 3034 poetae
1202 2965 1290 3033 ipsius

118 3063 214 3104 mensa
229 3058 386 3118 opponatur
401 3053 489 3122 ignoti
498 3053 642 3125 enjusdam
657 3060 729 3125 toro,
744 3061 839 3110 tamen
852 3053 979 3122 fugiat
993 3054 1126 3122 majorem
1141 3053 1194 3108 virn
1203 3053 1289 3108 habet

119 3151 203 3206 quam
218 3145 389 3211 nostrae,
414 3142 544 3210 quoniam
560 3141 670 3198 Neaera
685 3159 714 3198 re
731 3159 797 3199 vera
812 3143 921 3211 fugiens
937 3141 1078 3197 contraria
1093 3146 1137 3197 est
1153 3142 1289 3212 Neaerae,

117 3239 201 3293 quam
224 3225 384 3296 Lygdamus
407 3229 443 3285 ad
466 3247 496 3296 se
526 3230 679 3286 redituram
703 3237 807 3300 sperat.
852 3231 938 3284 Errat
959 3229 1044 3298 igitur
1061 3229 1195 3300 Vossius,
1214 3230 1290 3299 quod

119 3312 243 3370 ordinem
265 3316 412 3372 verborum
434 3317 598 3376 immutavit.
636 3319 732 3388 Neque
756 3319 846 3376 miuus
869 3317 941 3372 idem
964 3317 1089 3388 fallitur,
1114 3335 1176 3375 cum
1200 3321 1230 3389 4,
1247 3321 1285 3372 41

118 3408 215 3457 contra
231 3403 398 3472 optimorum
413 3405 546 3462 librorum
563 3407 759 3463 auctoritatem
774 3407 887 3477 scripsit

224 3491 273 3547 sed
288 3499 437 3563 postquam
461 3494 578 3564 digiti
598 3494 658 3552 iue
668 3501 755 3551 rant
768 3511 839 3568 ,cum
854 3509 920 3552 voce
937 3494 1033 3552 locuti.

117 3577 173 3634 Ubi
196 3595 258 3634 cum
273 3582 412 3638 sentamia
427 3583 488 3651 ejus
503 3582 633 3654 distichi,
659 3584 733 3653 quod
755 3583 880 3654 proxime
896 3583 1053 3654 antecedit,
1079 3583 1120 3640 ita
1135 3587 1288 3656 repetatur,

207 3799 228 3868 ¹)
248 3799 289 3854 Of.
308 3797 469 3858 Disaenium
487 3801 523 3858 ad
540 3799 567 3859 h.
586 3799 605 3859 l.

205 3867 227 3940 ¹)
247 3871 282 3926 In
300 3873 353 3927 hoc
367 3872 440 3928 enim
453 3889 545 3930 versu»
555 3877 716 3944 repetam
733 3889 799 3945 pars
813 3880 858 3932 est
871 3877 931 3948 ejus
945 3873 1077 3941 notionis,
1097 3888 1167 3942 quae
1184 3887 1288 3929 summo
1337 3875 1340 3882 '

115 3940 237 4008 pondera
254 3943 386 4013 praedita
404 3948 456 4002 est
