2912 4328
613 126 814 200 ..r-

125 345 154 417 o,
174 348 223 400 11.
238 340 283 398 Μ’.
308 336 359 396 80.
377 341 405 409 6,
431 325 1176 409 76.86.7,66.6,ιο.14.ῐῐι,1666666,
1197 331 1293 404 tae,

128 435 263 490 Idam.
279 430 406 500 4,b⁰.b,
415 429 463 484 78.
481 429 531 482 et.
549 428 578 496 6,
597 429 647 482 88.
663 425 703 480 1v
718 428 748 495 4,
769 423 818 493 ts)
835 424 952 478 alteram
968 423 1105 479 rationem
1121 428 1292 494 sequeretur,

123 522 251 592 equidem
266 534 321 574 non
335 517 424 572 uideo.
455 515 570 570 Illorum
587 520 680 570 autem
695 528 823 568 versuum
838 512 943 582 primus
960 513 1069 581 quidem
1085 511 1183 566 unicus
1196 518 1248 579 est,
1264 511 1293 566 ia

125 625 180 680 quo
196 606 324 663 Tibullus
347 621 416 675 prae
440 603 639 673 aequabilitate
655 601 849 658 collocationis
873 600 953 656 metri
976 599 1143 668 elegantiam
1165 599 1294 668 neglexe-

124 699 178 767 rit3
194 697 230 752 in
252 694 369 764 reliquie
393 699 485 748 autem
507 691 616 746 duobus
638 691 722 744 trium
743 689 890 757 longarum
912 688 1083 759 syllabarum
1106 687 1135 742 in
1158 679 1294 756 principio

124 786 277 856 positarum
300 782 392 852 gravis
414 780 567 847 tardusque
583 779 717 846 incessus,
734 777 825 847 quiin
841 777 931 832 altero
946 777 1031 832 etiam
1046 782 1165 844 augetur
1181 776 1294 856 distinc-

125 874 203 929 tione
219 877 283 943 post
290 871 408 940 primum
417 868 514 938 pedem
526 867 610 938 faeta,
620 867 648 922 in
658 867 716 922 ¹hoe
732 865 891 935 aptissimus
908 871 951 920 est
967 866 1002 920 ad
1012 864 1295 934 difficultatesdepin·

124 962 239 1032 gendes,
257 961 357 1027 quibus
373 972 457 1012 naves
472 955 501 1010 in
516 955 586 1010 mari
601 955 690 1010 ventis
707 953 826 1010 obnoxio
843 953 1049 1023 conflictantur,
1065 953 1094 1007 in
1110 954 1158 1008 illo
1176 954 1212 1008 ad
1228 963 1311 1008 tem-v

124 1050 201 1120 poris
233 1045 444 1102 diuturnitatem
465 1044 644 1113 imitandam,
665 1059 716 1112 per
739 1039 816 1112 quod'
837 1044 879 1096 ab'
895 1044 996 1098 Amore
1022 1041 1128 1097 catenis
1152 1058 1182 1098 se
1206 1042 1295 1096 teneri

125 1138 254 1194 Tibullus
270 1133 422 1203 aegerrime
437 1133 500 1188 lert.

164 1263 167 1270 ·
215 1221 448 1292 Quemadmodum
464 1227 556 1276 autem
571 1219 650 1290 hnic,
673 1219 770 1274 eodem
785 1219 865 1274 modo
890 1219 971 1274 alteri
995 1225 1103 1288 quo'qne
1125 1218 1227 1288 prioris
1248 1219 1296 1274 he·

125 1312 255 1369 mistichii
270 1309 427 1380 elegantiae
443 1309 570 1364 Tibullus
600 1309 642 1363 ita
665 1308 776 1377 serviit,
799 1314 832 1363 ut
854 1307 1078 1363 acollooationls
1110 1307 1295 1362 concinnitate

126 1402 270 1458 discedere
284 1399 381 1455 mallet
397 1412 478 1467 quam
493 1397 563 1468 pati,
579 1403 612 1452 ut
628 1413 645 1451 a
659 1411 726 1451 voce
743 1396 898 1465 spondiaca
914 1411 1011 1452 versus
1027 1397 1169 1463 elegiacos
1185 1395 1296 1451 initium

47 1497 49 1504 “
126 1496 247 1560 caperet.
293 1488 354 1556 Qua
369 1487 402 1543 de
418 1491 566 1556 poetarum
581 1485 730 1564 latinorum
746 1485 823 1554 lego,
846 1485 882 1540 ad
897 1484 975 1554 prius
999 1483 1107 1553 quidem
1130 1484 1296 1555 pentametri

124 1577 327 1635 hemistichium
341 1574 416 1645 quod
432 1574 541 1644 attinet,
556 1578 648 1642 reete,
670 1578 703 1627 ut
724 1573 791 1628 mihi
820 1573 938 1642 videtur,
969 1573 1001 1627 h.
1019 1573 1174 1630 Muellerus
1205 1573 1249 1641 (de
1266 1589 1295 1626 rc

125 1671 205 1723 metr.
221 1682 249 1735 p.
267 1665 324 1720 2⁰9
342 1663 384 1732 sq)
407 1663 447 1718 sie
469 1662 597 1718 disserit:
614 1663 703 1732 „haee
724 1661 743 1716 i.
759 1675 784 1716 e.
801 1676 873 1730 quae
887 1667 1000 1730 praeter
1016 1667 1144 1729 quartum
1166 1669 1195 1715 et
1218 1661 1296 1729 qnin-

126 1761 204 1824 „tum
219 1752 385 1822 semipedem
401 1756 429 1805 et
443 1765 527 1820 perro
544 1757 656 1820 praeter
670 1755 728 1804 tres
744 1765 840 1805 versus
856 1749 1009 1818 semipedes
1030 1755 1168 1805 extremos
1185 1751 1295 1818 adsunt,

127 1841 299 1913 „secundum
314 1839 495 1910 principalem
511 1839 612 1894 veteris
629 1837 697 1893 artis
713 1838 802 1907 legem
819 1853 872 1908 quo
882 1837 1124 1912 'magisdivereum
1141 1855 1157 1893 a
1173 1839 1296 1908 pedestri

127 1936 290 2001 „accentum
305 1929 447 1983 habebunt
462 1929 642 1998 rythmicum,
658 1941 691 1981 eo
707 1926 822 1998 propius
847 1926 884 1980 ad
906 1927 1058 1996 perfectam
1082 1929 1218 1983 accedunt
1240 1928 1296 1982 ele-

127 2017 279 2088 „gantiam
297 2030 383 2086 qnare
399 2031 455 2070 uon
469 2031 586 2084 prorsus
601 2019 645 2070 est
669 2015 815 2069 laudatum
837 2013 955 2083 primum
977 2022 1026 2069 aut
1048 2023 1178 2084 quartum
1199 2016 1296 2086 pedem

127 2104 287 2176 „dactylica
303 2109 431 2158 constare
447 2110 557 2159 voceet
573 2103 662 2160 minus
678 2102 762 2158 etiam
776 2102 945 2174 spondiaea,
971 2119 1026 2174 qus
1042 2105 1121 2160 nimis
1145 2104 1253 2173 gravati
1268 2111 1298 2158 et

127 2193 253 2265 ‚,tardati
267 2184 412 2262 pedestres
420 2191 491 2247 dunt
506 2191 620 2247 numeri.
632 2197 777 2248 esttamen
792 2191 841 2246 ubi
856 2197 917 2247 arte
934 2199 1084 2262 appetatur
1099 2193 1295 2261 quodratione

127 2280 471 2354 „plerumque'ahiciatun
487 2281 564 2335 velut
579 2281 806 2350 pulchrehabent
821 2280 882 2350 ipso
897 2281 965 2336 vitio
981 2274 1077 2338 sersus
1086 2282 1210 2336 Maronis
1226 2272 1296 2348 hitll

232 2376 329 2425 tantae
345 2369 426 2424 molis
447 2376 506 2424 erst
521 2369 674 2424 Romanam
697 2368 814 2422 condere
831 2374 948 2436 gentem.

233 2463 315 2526 tanta
329 2459 401 2512 mole
417 2457 469 2513 riri
484 2457 593 2513 turritis
609 2455 749 2528 puppibus
764 2455 879 2511 instant.

128 2550 213 2617 „apte
229 2544 301 2599 enim
317 2543 511 2600 describuntur
526 2547 650 2616 gravitas
665 2561 758 2600 rerum
773 2544 817 2600 vel
833 2545 985 2602 difficultas
1001 2546 1166 2616 ponderosis
1184 2547 1297 2616 rythmis

128 2641 176 2704 „et
192 2629 351 2702 segnibus.“
396 2632 468 2686 Huic
484 2633 569 2701 igitur
583 2633 640 2702 legi
654 2633 742 2702 metri,
759 2649 814 2689 non
830 2635 980 2691 concinnae
997 2635 1190 2690 collocationis
1206 2635 1297 2690 suavi·

127 2722 181 2778 tati
197 2721 325 2777 Tibullus
341 2722 551 2776 obsecutus-est
565 2721 593 2775 in
609 2721 651 2776 his
667 2709 808 2776 versibus:
863 2733 866 2740 ’

172 2811 231 2879 le,
250 2811 287 2865 20
302 2809 490 2866 offensum
512 2807 549 2864 in
564 2815 674 2879 porta
690 2807 770 2878 signa
786 2809 894 2864 dedisse
911 2808 1017 2878 pedem.
1086 2797 1091 2836 ἶ

130 2900 180 2952 38.
196 2897 263 2969 115,
284 2901 327 2954 10.
343 2898 383 2955 IV
400 2900 428 2969 6,
447 2901 493 2954 20.
522 2898 617 2967 Atque
630 2897 666 2952 ob
682 2896 798 2952 eandem
813 2913 926 2954 causam
941 2897 1136 2970 simpliciorem
1152 2900 1298 2954 verborum

128 2984 253 3038 ordinem
267 2986 424 3054 repudiavit
439 2987 479 3042 lv
497 2990 524 3056 7,
542 2989 559 3041 6

235 3069 380 3125 dicetur
398 3071 517 3138 siquis
536 3087 592 3126 non
610 3069 741 3128 habuisse
760 3085 819 3127 sua
913 3085 916 3090 ·
1026 3139 1029 3145 Δ

127 3159 254 3227 Apparet
271 3156 369 3226 igitur,
389 3159 487 3225 quanti
506 3159 636 3215 Tibullus
654 3161 726 3216 hane
745 3175 854 3229 quoque
871 3161 955 3216 metri
974 3160 1145 3230 elegantiam
1168 3162 1297 3216 aestima·
1365 3194 1368 3200 ‚

126 3246 208 3303 verit.
243 3247 378 3302 Attamen
395 3251 463 3300 sunt
480 3249 611 3302 nonnulli
628 3248 804 3317 pentametri,
823 3248 967 3317 inquibus
981 3249 1143 3305 normsilla
1159 3250 1297 3308 lacessit

123 3335 162 3390 ut
179 3339 212 3390 ut
230 3325 278 3390 eos
298 3328 431 3400 omittam,
451 3349 519 3402 quoe
537 3337 633 3403 paullo
653 3339 720 3392 ante
734 3338 793 3406 jam
811 3337 1029 3404 commemorari,
1049 3337 1167 3407 prhnum
1185 3340 1296 3408 quidem
1319 3361 1320 3366 ¹

124 3437 330 3500 nonnumquam
348 3421 459 3488 accidit,
478 3427 512 3478 ut
529 3437 600 3489 quae
622 3422 653 3477 in
677 3425 838 3480 hexametro
863 3424 963 3494 incipit
985 3428 1128 3482 sententia
1151 3428 1182 3483 in
1208 3428 1297 3496 prima

123 3512 291 3586 pentametri
310 3512 375 3566 sede
395 3510 546 3580 spondiaea
564 3525 631 3566 voce
650 3511 732 3580 gravi
751 3517 870 3568 accentu
893 3515 1021 3582 praedita
1045 3515 1202 3582 claudatur,
1231 3517 1245 3570 I
1271 3520 1295 3580 2,

124 3600 167 3656 ta.
185 3600 211 3665 4,
229 3600 274 3655 40.
292 3599 323 3653 11
342 3602 365 3666 1,
385 3603 428 3659 66.
447 3599 489 3655 rv
507 3601 531 3665 r,
552 3602 593 3657 10.
630 3587 873 3668 uecntnusre,
892 3605 927 3660 aa
946 3607 1062 3670 etna,
1081 3606 1117 3660 46
1136 3604 1297 3672 primanos

124 3688 206 3756 gravi
224 3690 342 3742 accentu
360 3686 501 3742 instructa
519 3691 570 3742 est.
598 3687 691 3742 Habet
708 3687 800 3758 igitur
813 3688 843 3743 in
857 3691 983 3746 omnibus
1007 3691 1050 3747 his
1064 3691 1190 3747 versibus
1214 3705 1296 3759 spon-

126 3775 233 3832 diacnm
246 3774 411 3832 vocabulum
424 3774 512 3843 primo
526 3775 587 3829 loco
601 3775 724 3843 positum
737 3792 807 3845 quae
821 3777 946 3835 insensu
959 3781 1016 3835 sita
1025 3786 1070 3836 est
1079 3779 1294 3837 excusationem.

215 3963 234 4034 ¹)
253 3963 330 4020 Idem
349 3962 422 4022 enirn
439 3963 517 4022 valet
535 3963 568 4020 de
587 3965 758 4024 hexametro.
797 3955 800 3958 ’
