2912 4328
662 95 907 180 *qq

173 304 208 364 In
226 306 326 376 quibus
343 307 435 380 igitur
451 308 575 366 incultas
593 309 721 381 legitimo
739 309 938 374 vocabulorum
956 309 1053 368 ordine
1072 309 1172 370 utendi
1196 309 1265 370 data
1283 318 1349 372 erat
1448 307 1449 352 ἶ

173 399 203 449 et
215 399 310 451 tamen
322 397 520 466 praetermissa
534 403 585 465 est,
600 397 631 454 in
644 414 740 456 eorum
753 413 919 467 unoquoque
933 415 965 454 eo
979 398 1069 469 magis
1088 400 1145 456 erit
1162 417 1212 456 cur
1234 401 1264 456 id
1288 402 1347 458 fac-

172 487 233 538 tnm
251 485 297 540 sit.
333 487 372 542 Et
390 485 420 542 11
440 491 463 552 1,
483 490 519 544 88

588 590 753 643 currumque
772 581 929 644 sequuntur

277 663 406 718 matris
425 662 531 719 lascivo
550 663 644 719 sidera
661 663 741 720 iulus
759 667 843 720 choro

171 749 232 816 ipsa
249 751 386 806 oratibnis
405 751 592 820 perspicuitas
610 753 682 807 hanc
700 751 873 821 potissimum
892 751 1103 810 collocationem
1125 753 1342 824 commendarim
1449 743 1450 762 ¹

172 839 403 906 detrusisse

277 927 410 984 formae
429 944 485 984 non
503 930 590 984 ullam
608 929 669 985 fata
687 929 788 985 dedere
805 945 911 988 moram

170 1015 368 1084 ponderique
392 1017 522 1072 formae
548 1018 692 1085 premitur,
712 1017 997 1074 accommodatissima
1015 1023 1061 1074 est
1090 1033 1161 1086 quae
1175 1025 1239 1088 post
1259 1035 1342 1090 spon·

170 1105 252 1158 deum
271 1105 366 1160 euenit
379 1105 537 1160 distinctio·
532 1122 634 1174 ,porro
656 1106 672 1160 Ι
690 1109 714 1173 3
734 1110 770 1163 36

667 1194 745 1262 prius
763 1209 845 1261 quam

275 1280 418 1337 tellus
410 1299 440 1337 ιιι
459 1281 559 1354 longas
579 1286 623 1336 eat
641 1282 784 1350 patefacta
802 1283 863 1338 vias

169 1368 275 1423 tardati
294 1371 398 1438 rythmi
417 1371 588 1427 conveniunt
606 1387 667 1426 cum
685 1371 794 1426 viarum
812 1370 1006 1441 longitudinm
1025 1375 1085 1426 tam
1104 1373 1161 1438 13,
1182 1375 1216 1430 78

568 1489 572 1496 -
675 1460 724 1514 sed
743 1475 835 1514 acrem

271 1546 412 1616 jamjam
429 1548 525 1616 poturi
544 1547 650 1604 deserit
667 1548 743 1603 unda
762 1548 838 1602 sitim

169 1636 387 1690 accrescentium
405 1638 551 1692 verborum
569 1637 689 1692 tarditas
708 1642 813 1704 quanto
831 1636 921 1706 magis
940 1635 1036 1692 differt
1053 1654 1070 1691 a
1087 1637 1206 1706 dactylis
1220 1639 1339 1706 posteri·
1370 1664 1374 1669 ·

169 1722 226 1778 o'ris
245 1724 413 1778 hemistichii
432 1724 580 1789 alacribus,
599 1730 679 1780 tanto
698 1725 791 1793 aptior
809 1726 906 1779 estad
925 1725 1128 1795 depingendam
1141 1726 1258 1782 Tantali
1278 1727 1339 1782 siti·

168 1811 242 1866 entis
261 1812 451 1880 cupiditatem,
470 1828 523 1880 quc
542 1813 657 1881 propius
676 1829 706 1866 os
725 1829 814 1880 aquae
832 1814 969 1879 admovet,
989 1829 1021 1868 eo
1036 1814 1126 1882 magis
1140 1819 1339 1884 augescentem

168 1914 292 1966 quaeque
311 1900 404 1955 subito
423 1905 525 1970 stagno
544 1901 680 1956 refluente
700 1901 851 1970 decipitur;
871 1903 885 1956 I
904 1906 928 1966 5,
948 1905 983 1958 46
1002 1902 1121 1969 denique

275 1988 342 2042 talis
362 1990 397 2042 ad
416 1989 598 2044 Haemonium
616 1989 714 2046 Nereis
728 1991 814 2046 Pelea
833 1990 971 2056 qnondam

326 2082 428 2132 vecta
446 2082 499 2131 est
517 2077 628 2132 frenato
648 2078 762 2132 caerula
780 2077 856 2146 pisce
875 2078 974 2135 Thetis

167 2180 237 2230 quse
256 2169 344 2220 metro
364 2165 440 2220 inest
457 2165 585 2234 gravitas
604 2166 737 2235 congruit
754 2183 816 2222 cum
834 2167 979 2235 splendido
994 2166 1093 2222 habitu
1107 2167 1154 2234 qui
1169 2165 1335 2220 describitur

167 2254 371 2320 pulcherrimae
390 2253 533 2309 Nereidos.

255 2343 289 2396 In
308 2341 433 2397 omnibns
452 2342 542 2412 igitur
560 2357 629 2410 quos
648 2344 739 2398 adhuc
756 2342 989 2412 perlustravimus
1008 2344 1134 2399 versibus
1152 2339 1281 2396 Tibullus
1301 2344 1336 2393 ut

166 2431 200 2484 ab
220 2430 361 2496 aequabili
384 2431 437 2486 illa
460 2431 601 2486 nominum
625 2432 833 2491 cohaerentium
857 2432 1043 2488 collocatione
1066 2431 1228 2496 discederet,
1251 2428 1335 2484 metri

166 2518 288 2585 aliquam
306 2517 443 2574 rationem
462 2518 586 2574 effecisse
604 2521 732 2575 vidimus.
767 2521 856 2602 Semel
876 2524 976 2587 autern
996 2521 1054 2587 11,
1074 2524 1109 2578 36

271 2613 301 2662 et
318 2607 498 2675 placidam
517 2609 613 2663 soles
632 2624 766 2678 spargere
785 2609 859 2664 lacte
878 2609 980 2676 Palem,

165 2696 334 2766 adJectivum
352 2695 393 2750 ita
411 2713 429 2751 a
447 2697 512 2754 sede
530 2701 670 2764 tamquam
689 2698 748 2768 ejus
767 2697 882 2766 propria
899 2685 1012 2764 amovit,
1027 2702 1061 2752 ut
1074 2697 1158 2752 aliam
1172 2712 1254 2764 qnam
1267 2710 1331 2751 oau-

164 2801 223 2840 sam
241 2786 338 2839 adesse
357 2801 470 2841 necesse
489 2785 536 2841 sit
570 2787 646 2854 Quae
665 2802 727 2841 cum
743 2785 789 2842 hic
808 2786 917 2854 quidem
935 2785 991 2842 nisi
1009 2786 1039 2840 in
1056 2800 1142 2840 senen
1160 2787 1253 2854 posita
1272 2799 1333 2840 esso

164 2890 221 2929 non
239 2875 336 2942 possit,
355 2873 502 2942 quaeritur
520 2889 591 2942 quae
610 2874 735 2930 adhibita
754 2880 799 2930 cst
817 2875 964 2930 collocatio
984 2877 1079 2926 utrum
1096 2873 1123 2927 ei
1142 2888 1273 2928 versuum
1291 2888 1335 2928 or·

164 2963 223 3017 dini
242 2964 448 3018 accommodata
466 2963 512 3029 sit,
532 2979 612 3030 quem
635 2963 757 3018 Hessius
782 2963 812 3018 in
835 2961 1025 3031 disputatione
1050 2961 1225 3030 praescripta
1249 2961 1335 3016 indici

163 3051 314 3106 lectionum
328 3051 358 3106 in
373 3051 563 3108 Universitete
577 3051 794 3108 Vratislaviensi
808 3067 858 3120 per
872 3054 1007 3106 aestatem
1022 3066 1045 3104 a
1062 3052 1131 3106 1855
1145 3050 1335 3106 habendarum

163 3140 310 3207 proposuit
329 3143 358 3195 et
375 3139 407 3195 L.
426 3139 581 3196 Muellerus
601 3140 715 3208 recepit,
735 3155 770 3194 an
790 3140 824 3206 ei,
844 3155 924 3206 quem
941 3154 958 3193 a
977 3137 1116 3193 codicibus
1136 3138 1272 3193 traditum
1291 3153 1334 3192 re·

163 3227 234 3294 liqui
253 3243 346 3282 omncs
365 3228 487 3284 editores
505 3228 676 3287 recentiores
694 3229 882 3286 retinuerunt
918 3229 958 3284 Et
982 3243 1045 3282 oum
1068 3228 1119 3282 illo
1144 3227 1252 3296 quidem
1277 3242 1334 3280 non

163 3315 312 3370 convenire
330 3315 398 3370 mihi
416 3317 536 3372 videtur.
573 3317 643 3372 Nam
660 3317 759 3372 Haasii
777 3316 975 3386 interpretatio
1003 3317 1028 3371 si
1052 3321 1127 3372 recte
1150 3331 1179 3370 se
1207 3315 1331 3378 haberet,

163 3403 292 3472 quoniam
310 3419 419 3458 sacrum
437 3405 500 3460 Pali
518 3405 625 3461 factum
642 3407 821 3474 premendum
838 3411 921 3472 esset,
946 3405 1123 3475 placidam
1147 3401 1278 3474 graviore
1303 3401 1333 3456 vi

163 3497 273 3547 careret
291 3498 321 3548 et
338 3491 489 3561 proximam
508 3499 575 3550 ante
593 3509 737 3549 caesuram
755 3494 848 3548 sedem
871 3511 905 3549 ex
923 3494 1030 3549 Tibulli
1054 3509 1129 3547 more
1155 3489 1332 3546 obtinuisset.

162 3581 242 3636 Inest
260 3585 354 3635 autem
377 3580 514 3652 adjectivo
534 3597 668 3640 summum
695 3583 783 3637 totius
806 3582 963 3638 sententiae
982 3583 1097 3650 pondus,
1123 3582 1148 3636 si
1171 3598 1215 3638 vv.
1241 3581 1275 3637 35
1304 3584 1333 3633 et

162 3673 198 3726 36
221 3670 356 3738 leguntur
379 3675 444 3737 post
465 3686 492 3726 r.
515 3672 558 3728 34.
594 3673 637 3726 Ea
655 3671 728 3727 enim
747 3670 838 3726 oritur
857 3670 1060 3727 sententiarum
1078 3670 1161 3736 ratio,
1189 3674 1223 3724 ut
1241 3673 1331 3737 poeta,

162 3762 308 3825 postquam
330 3758 408 3813 fures
431 3759 566 3826 luposque
589 3765 623 3814 ut
645 3761 679 3814 de
697 3760 807 3830 magnis
822 3759 941 3814 aliorum
955 3775 1087 3830 agrorum
1104 3759 1238 3828 gregibus
1253 3772 1332 3826 prae·

163 3846 224 3900 dam
243 3850 349 3914 petant,
368 3861 419 3902 suo
438 3846 526 3916 ipsius
545 3846 638 3917 pecori
657 3852 754 3916 utpote
773 3847 875 3916 exigno
894 3852 1013 3915 parcant
1031 3848 1197 3902 adhortatus
1217 3849 1268 3909 est,
1284 3859 1331 3897 no·

162 3948 224 3991 vam
243 3949 354 3990 causam
372 3934 465 4004 addat,
485 3951 546 3994 cum
563 3935 593 3990 in
607 3949 657 3990 sno
676 3935 789 4004 praedio
803 3936 912 3992 nullum
937 3934 973 3989 iis
995 3934 1055 3990 iore
1077 3936 1224 4002 quaestum
1246 3931 1329 3997 dicat,
