2912 4328
621 93 818 165 ..g-

134 307 288 364 renuntias
310 304 462 360 membrum
484 300 681 372 pertinentium
709 315 778 370 pars
806 297 895 370 priori
909 297 1141 368 pars‘posteriori
1161 298 1306 369 assignata

135 397 180 467 sir,
204 395 372 464 uere,56·
524 381 535 388 ”
659 443 664 450 .

241 481 403 538 Messallam
418 486 494 540 terra
509 479 575 534 dum
591 478 770 549 sequiturque
785 476 865 532 mari.

136 561 1305 642 4,2.9,20.,10,52.1vs‚14.1111‚26.e,4.11uncigiturverborumordinem,

136 667 168 715 ut
180 667 223 714 est
231 659 449 729 simplicissimus
460 656 673 726 aptissimusque
683 662 711 710 et
720 671 815 711 versus
824 660 942 710 naturae
951 659 979 709 et
994 653 1194 711 sententiarum
1209 654 1305 710 simili·

135 748 234 817 tudini,
244 749 284 802 ita
293 747 383 817 po'e'tis
392 745 495 800 uostris
505 743 690 813 gratissimum
698 743 827 800 luisseea
842 742 1306 812 potissimumdocentexempla,in

133 837 236 906 quibus
245 835 312 906 quin
320 834 451 890 varietati
464 833 599 888 servirent
614 838 701 890 metro
717 847 774 887 non
788 839 869 887 erant
883 831 1017 901 impediti.
1033 831 1131 901 Neque
1146 847 1212 886 vero
1228 831 1307 888 illam

135 924 369 980 collocationeml
388 926 413 992 l,
429 924 445 975 7
450 925 467 976 8
484 928 596 990 praeter
604 921 738 976 librorum
753 921 949 976 auctoritatem
956 921 1016 990 ejus
1025 920 1189 990 simplicitas
1198 925 1307 976 tantum

135 1019 238 1082 tuetur,
256 1012 305 1067 sed
321 1012 405 1066 etiam
421 1010 575 1080 diligentia,
592 1025 711 1079 quacum
727 1009 855 1066 Tibullus
872 1009 1044 1066 subtiliorem
1059 1009 1138 1065 illem
1160 1010 1249 1077 legem
1271 1010 1305 1066 de

135 1101 239 1172 prioris
254 1100 420 1168 pentametri
436 1099 530 1154 Latini
546 1098 711 1154 hemistichii
727 1099 868 1168 dactylum
884 1098 1040 1167 excipiente
1057 1096 1180 1167 spondeo
1204 1098 1306 1154 consti·

135 1179 250 1257 tutam¹)
266 1189 432 1243 observavit.
464 1188 543 1256 Quod
558 1187 703 1242 Disaenius
719 1188 748 1244 in
771 1186 952 1242 adnotatione
975 1187 1039 1242 huic
1055 1186 1147 1243 versui
1163 1187 1306 1262 adscripta

136 1279 177 1340 ita
192 1277 323 1346 neglexit,
340 1283 371 1332 ut
388 1291 516 1344 causam,
533 1284 649 1345 propter
670 1291 752 1344 quam
776 1292 857 1344 quem
879 1281 908 1330 ct
923 1275 982 1345 ipse
1006 1275 1111 1346 recepit
1131 1275 1200 1330 ordo
1223 1291 1305 1332 verus

136 1367 278 1436 putandus
294 1373 376 1436 esset,
391 1383 406 1420 e
424 1365 562 1421 sententia
578 1372 703 1434 repetere
719 1365 824 1434 mallet,
841 1365 870 1420 id
886 1380 942 1437 non
957 1363 1026 1420 eatis
1041 1364 1208 1435 respiciens,
1231 1365 1306 1434 quod

136 1454 274 1524 Tibullus,
291 1462 323 1516 ut
337 1455 418 1508 metri
434 1455 590 1522 elegantiae
606 1455 781 1522 indulgeret,
798 1453 941 1522 graviores
955 1468 1038 1526 uoces
1061 1452 1212 1510 levioribus
1228 1460 1304 1524 post·
1348 1485 1351 1492 ,

134 1560 238 1613 ponere
254 1559 309 1605 uon
325 1543 471 1599 dubitavit.
502 1543 584 1610 euod
605 1543 715 1612 quidem
737 1549 836 1620 postea
860 1542 1019 1598 accuratius
1042 1541 1204 1599 videbimus.
1235 1543 1305 1597 Dili-

134 1633 229 1700 gentia
245 1638 346 1700 autem,
372 1647 428 1700 qua
448 1638 567 1705 poetam
582 1638 707 1686 nostrum
728 1632 757 1687 in
788 1633 849 1701 lege
871 1632 923 1686 illa
945 1630 1120 1687 observande
1141 1646 1222 1686 usum
1244 1647 1306 1688 esse

134 1721 215 1778 modo
233 1720 367 1790 diximus,
397 1727 425 1774 et
445 1737 482 1777 ¹eu
503 1736 590 1791 paruo
614 1736 682 1790 prae
699 1721 800 1776 ceteris
816 1735 929 1776 numero
945 1719 1121 1789 intellegitur
1135 1734 1230 1776 eorum
1245 1735 1305 1775 rer·

134 1825 222 1878 suum,
239 1809 268 1864 in
284 1810 387 1879 quibus
399 1810 538 1866 inversum
553 1810 655 1879 pedum
670 1810 795 1866 ordinem
812 1799 977 1879 adhibuit2),
994 1815 1022 1864 et
1037 1824 1070 1863 eo
1087 1807 1304 1880 confirmabitur,

134 1898 208 1966 quod
224 1898 300 1952 illius
316 1913 404 1954 causa
420 1915 438 1953 a
454 1899 611 1954 collocandi
626 1899 715 1956 modis
730 1899 756 1953 ei
772 1898 937 1968 gratissimis
947 1897 1179 1954 discessisseeum
1194 1897 1305 1954 demon-

135 1985 293 2040 strabimus.
325 1986 367 2040 Ac
379 1987 437 2055 jam
452 1987 497 2042 hic
513 1986 541 2041 id
557 1987 649 2056 ipsum
665 1988 745 2042 docet
762 1988 789 2042 ΙΙ
806 1989 836 2056 4,
855 1989 894 2042 34

241 2089 292 2128 nec
307 2075 455 2142 prohibent
471 2076 573 2144 clares,
590 2081 618 2130 et
633 2077 710 2132 oanis
726 2076 785 2146 ipse
803 2081 887 2132 tacet.
1042 2139 1043 2143 ,
1252 2137 1254 2142 ,

134 2162 299 2230 Plerumque
315 2163 388 2217 enim
404 2163 532 2228 Tibullus
548 2181 604 2220 una
628 2182 690 2220 cum
713 2165 856 2235 Lygdamo
870 2156 936 2220 *non
958 2164 1013 2220 nisi
1035 2164 1116 2220 matri
1140 2166 1307 2221 necessitate

134 2257 249 2307 coactus
266 2253 301 2308 ab
318 2251 368 2307 illa
385 2251 578 2308 collocationis
594 2255 794 2328 aequabilitate
811 2254 956 2322 abstinuit,
966 2254 1051 2309 semel
1067 2251 1169 2324 autem,
1180 2255 1242 2324 116,
1252 2256 1306 2324 52,

135 2341 296 2408 concinnius
321 2342 458 2396 vocabula
490 2343 639 2398 ordinandi
669 2343 833 2398 facultatem
848 2359 899 2412 per
921 2349 1039 2398 metrum
1061 2343 1157 2400 datam
1179 2350 1305 2412 praeter·

134 2427 218 2496 misit,
234 2444 295 2483 oum
311 2445 366 2484 nou
389 2431 521 2486 scriberet
870 2440 872 2445 ’

242 2516 303 2584 quis
319 2523 447 2572 teneatue
462 2527 559 2588 meam,
578 2527 646 2589 quot
660 2526 788 2580 teneatue
804 2513 927 2590 mocisi).
958 2539 960 2546 ¹

134 2604 193 2660 Nec
209 2610 302 2659 tamen
318 2605 376 2660 sine
394 2621 489 2660 causa.
520 2607 709 2664 Nemeorum
732 2607 802 2679 quos
827 2626 913 2681 supra
935 2609 1155 2665 enumeravimus
1177 2623 1306 2665 versuum

134 2710 208 2762 quae
231 2694 417 2762 aequabiliter
440 2694 580 2751 collocata
604 2703 669 2751 sunt
684 2698 821 2752 vocabula
851 2699 880 2751 in
911 2704 1029 2766 utraque
1053 2698 1191 2752 sententia
1217 2713 1306 2767 aequo
1352 2697 1356 2706 ’

133 2783 255 2850 pondere
272 2785 506 2853 pronuntiantur;
522 2784 697 2853 hicautem,
717 2785 791 2854 quud
814 2786 927 2852 verbum
950 2787 978 2840 in
1000 2786 1093 2856 priore
1118 2786 1308 2842 enuntiatione

135 2871 213 2936 gravi
230 2880 345 2927 accentu
361 2873 521 2941 praeditum
537 2880 588 2943 est,
605 2874 677 2928 idem
693 2874 722 2928 in
737 2875 892 2944 posteriore
909 2875 1077 2930 levissimam
1093 2875 1308 2932 habetauctori·

135 2963 230 3012 tatem.
261 2961 333 3016 Huic
349 2961 435 3031 igitur
449 2963 580 3031 ponderis
597 2963 749 3018 discrimini
765 2963 958 3020 collocationis
982 2964 1131 3021 diversitas
1155 2979 1307 3021 accommo-

136 3045 280 3102 datissima
305 3056 356 3105 est.
387 3052 483 3120 Neque
500 3052 539 3106 IV
556 3056 584 3122 2,
606 3055 642 3106 14

241 3136 315 3190 mille
331 3138 417 3194 habet
433 3141 642 3211 ornatus‚mille
659 3142 789 3197 decenter
804 3143 890 3198 habet

134 3225 444 3296 hucuonpertinet,ubi
458 3234 551 3284 tamen
567 3231 604 3286 ad
619 3232 764 3286 verborum
780 3231 884 3288 mille
900 3231 1015 3288 habet
1031 3230 1170 3288 diversum
1185 3233 1310 3288 ordinem

134 3517 213 3567 metr·
225 3446 259 3582 1ὲο
266 3445 359 3572 011156.
378 3445 533 3502 Hermanui
552 3448 630 3504 elem.
649 3449 737 3506 doctr.
755 3455 835 3508 metr.
854 3467 879 3521 p·
898 3453 959 3510 358.
978 3483 1012 3494 -
1031 3452 1064 3510 L.
1079 3451 1208 3520 Mueller,
1224 3452 1257 3508 de
1277 3467 1308 3509 re

207 3585 244 3666 ¹¹)
265 3586 305 3640 Of.
324 3587 475 3658 Hultgren.
496 3590 601 3646 observ.
620 3596 700 3651 metr.
718 3591 750 3647 in
766 3597 863 3661 postus
883 3595 954 3664 eleg.
974 3595 1022 3651 Gr.
1042 3599 1080 3652 et.
1106 3594 1169 3650 Lat.
1196 3594 1308 3664 (Progr.

134 3656 159 3710 d.
179 3655 382 3726 Nncoleigymn.
400 3660 431 3715 in
449 3661 567 3730 Leipzig
586 3665 665 3732 1871)
684 3681 710 3732 p.
729 3668 771 3729 21,
795 3665 843 3720 ubi
867 3665 942 3720 inter
961 3669 1012 3724 697
1037 3669 1228 3734 pentametros
1245 3665 1308 3733 421,

133 3742 250 3852 {affigi
267 3727 298 3782 in
316 3728 409 3796 priore
428 3736 508 3798 parte
528 3732 639 3802 dactylo
659 3737 798 3802 spondeus
813 3738 954 3808 subjectus
968 3738 1015 3804 eit,
1030 3739 1066 3794 68
1079 3736 1194 3794 inverso
1210 3735 1307 3792 ordine

222 3871 243 3939 ⁸)
262 3871 301 3926 Et
320 3869 403 3955 aitert
421 3872 538 3928 Vossius
559 3875 643 3942 (Krit.
662 3876 797 3950 Beitritge
821 3895 884 3934 num
915 3879 1056 3949 Tibullus)
1083 3878 1120 3934 ad
1138 3878 1165 3935 h.
1190 3877 1209 3934 l.
1234 3879 1309 3934 bunc

131 3940 280 3996 'verborum
299 3943 425 4000 ordinem
443 3959 477 4000 ex
496 3961 552 4000 uno
572 3947 677 4006 codice.

1062 4073 1095 4130 1*
