2912 4328
660 135 875 203 ..14-

178 354 256 394 arum
275 336 354 406 paria
372 337 457 392 verba
475 335 583 404 pariter
607 336 638 390 iu
662 339 781 404 utraque
808 340 889 404 parte
914 334 1047 404 ponendi,
1071 335 1193 390 alterum
1217 335 1352 405 ejusdem

177 425 335 480 sententiae
354 430 405 478 aut
423 425 477 478 duro
496 428 547 478 ant
565 428 699 491 quattuor
717 423 829 478 nomina
847 421 1031 491 aequabiliter
1044 424 1075 478 in
1089 423 1272 480 hemistichiis
1288 424 1354 478 dis-

176 514 307 582 ponendi.
344 513 466 580 Quorum
483 520 603 579 utroque
622 516 761 579 quatenus
779 512 809 567 iu
827 511 996 566 hexametris
1014 511 1059 568 usi
1082 512 1154 577 siut,
1181 527 1254 568 nunc
1279 529 1354 568 exa·

177 603 335 656 minandum
355 606 406 656 ost.
443 600 579 654 Nimirum
603 605 698 654 eutem
722 599 783 668 ipsa
810 601 965 656 hexametri
989 596 1093 660 natura
1119 616 1175 657 uon
1198 615 1286 667 aeque
1316 619 1353 656 ae

177 688 347 759 pentametri
366 688 562 755 aequabilitati
580 689 703 756 partium
721 688 806 744 iavet.
845 689 924 755 Qned
942 705 1003 744 cnm
1020 689 1055 742 in
1075 689 1199 744 caesuris
1222 689 1354 757 positum

177 779 224 841 sit,
245 778 381 844 simulque
401 793 461 830 eam
480 778 513 831 ob
533 792 658 840 causam,
684 777 757 844 qued
785 793 819 831 ex
843 776 1042 833 concinnitatis
1068 777 1178 846 legibus
1203 775 1353 832 interdum

174 865 275 934 colligi
294 865 405 933 poterit,
426 865 499 920 nbi'
491 865 609 919 incisum
628 865 673 930 sit,
693 871 842 932 antequem
860 865 894 918 de
908 878 942 920 ea
956 881 994 930 re,
1010 881 1091 932 qnam
1105 863 1183 918 nobis
1197 866 1350 933 proposui·
1437 853 1438 860 ἵ

176 969 245 1017 mus,
265 953 402 1008 disserere
420 969 577 1021 pergarnus,
587 953 746 1018 videamus,
773 953 906 1054 quomodo
929 956 1075 1021 poetarum
1098 957 1258 1008 nostrorum
1277 969 1351 1010 suos
1437 1011 1438 1026 ἶ

176 1046 295 1108 uterque
314 1043 488 1096 hexametros
506 1040 643 1096 diviserit

263 1130 327 1186 Et
320 1145 350 1184 ru
369 1145 400 1184 eo
420 1129 529 1196 quidem
547 1129 736 1194 consentiunt,
751 1131 824 1196 quod
837 1129 948 1186 omuino
963 1146 997 1184 ex
1011 1129 1179 1184 carminibus
1195 1131 1351 1186 exclusere

177 1217 346 1273 trochaicam
365 1233 435 1284 quae
454 1223 570 1272 vocatur·
590 1220 765 1288 caesuram).
801 1219 879 1286 Quae
897 1234 964 1274 vero
983 1222 1094 1273 restam
1111 1218 1282 1288 principales
1302 1219 1350 1274 in-

177 1306 305 1370 cisiones,
326 1305 524 1372 semiquinaria
543 1311 572 1360 et
591 1307 827 1375 semiseptenaria,
845 1307 877 1360 in
895 1321 990 1362 aarum
1007 1321 1062 1362 usu
1078 1307 1256 1362 vehementer
1269 1305 1351 1362 iuter

179 1409 209 1450 se
238 1394 408 1462 discrepant.
452 1395 531 1462 Quod
558 1394 774 1450 commodissime
799 1410 1009 1464 cognoscemus,
1036 1393 1061 1449 si
1085 1394 1349 1468 examinaverimus,

178 1495 260 1551 quam
278 1498 361 1550 saepe
380 1488 497 1550 uterquc
516 1482 771 1551 hepbthemimerim
785 1483 972 1551 usurpaverit.
1001 1483 1086 1552 Cujus
1101 1484 1154 1537 duo
1169 1481 1349 1552 potissimum

178 1587 283 1640 genera
302 1571 502 1640 distinguenda
521 1577 594 1636 suut,
614 1573 734 1626 alterum
753 1573 821 1642 ejus,
841 1585 911 1640 quae
931 1571 1129 1638 semiquinaria
1153 1572 1263 1626 omnino
1288 1588 1348 1626 uon

176 1660 253 1714 facte
271 1661 332 1724 sola
351 1661 438 1724 adest,
458 1661 579 1714 alterurn
597 1661 665 1730 ejus,
685 1661 828 1730 quaejam
854 1661 885 1714 iu
903 1659 990 1716 tertia
1013 1659 1071 1714 arsi
1099 1660 1236 1714 orationis
1262 1665 1346 1729 parte

177 1748 328 1803 terminata
348 1748 463 1812 obtinet,
483 1747 590 1817 sipost
608 1754 736 1815 quartam
755 1748 831 1802 arsin
850 1763 911 1802 eum
939 1749 1022 1804 verbo
1048 1747 1146 1802 linitur
1162 1749 1347 1818 ·sententia¹).

177 1839 216 1891 Ει
234 1837 286 1890 illa
305 1837 415 1904 quidem
432 1837 507 1905 opud
525 1837 668 1892 Tibullum
686 1851 793 1905 semper
811 1838 870 1892 iere
889 1853 951 1890 cum
975 1853 1009 1891 ea
1033 1837 1183 1906 conjuncta
1206 1842 1264 1903 est,
1290 1853 1346 1904 qua

177 1929 242 1992 post
260 1925 376 1978 tertium
395 1941 502 1992 quoque
522 1924 686 1994 semipedem
704 1924 846 1980 inciditur.
882 1926 952 1980 Nam
971 1924 1101 1992 qnoniam
1115 1925 1346 1994 semiseptenaria

178 2027 276 2069 versus
295 2017 390 2080 partes
409 2014 480 2068 satie
499 2013 619 2082 impares
637 2013 738 2078 reddit,
757 2014 847 2068 tacita
865 2030 900 2068 ex
919 2013 1080 2084 elegantiae
1098 2013 1166 2083 lege
1192 2013 1293 2078 evenit,
1313 2017 1346 2068 nt

178 2100 388 2155 trithemimeris
408 2102 442 2154 ad
462 2115 523 2156 eam
540 2101 709 2156 fulciendam
728 2101 848 2156 addatur
866 2107 979 2168 tresque
997 2105 1092 2170 partes
1111 2101 1187 2156 haud
1204 2100 1246 2156 ita
1265 2099 1344 2154 dissi-

177 2189 257 2243 miles
277 2187 470 2259 efficiautnr³>.
506 2190 618 2244 Adsunt
636 2189 726 2258 igitur
745 2194 774 2244 et
792 2189 1035 2258 bephthemimeris
1049 2193 1079 2244 et
1092 2187 1297 2248 trithemimeris
1312 2187 1341 2240 in

178 2277 370 2333 139versibus.
389 2277 452 2330 Huc
471 2277 544 2331 enim
561 2277 705 2345 pertinere
723 2277 807 2332 etiam
826 2277 1215 2342 13,11.t,·49.8,lb.ll5,49.
1229 2277 1280 2332 105
1293 2289 1342 2328 cnr

178 2379 312 2428 censeam,
332 2369 429 2432 postea
447 2366 604 2421 declarabo.
636 2367 722 2421 Deest
741 2370 834 2420 summ
852 2365 1061 2420 trithemimeris
1080 2365 1110 2420 in
1127 2363 1185 2418 his:
1203 2363 1254 2427 11,
1263 2365 1305 2420 35.
1318 2365 1342 2427 2,

179 2455 221 2508 27.
241 2455 283 2508 63.
311 2455 335 2517 3,
356 2457 397 2510 69.
416 2457 441 2518 8,
462 2457 486 2510 7.
504 2459 546 2518 10,
579 2457 621 2511 37.
653 2458 696 2510 51.
733 2456 763 2508 ΙΙ
784 2459 808 2518 1,
827 2457 869 2510 35.
890 2456 933 2510 71.
964 2457 989 2518 b,
1011 2458 1052 2510 11.
1084 2457 1108 2518 6,
1128 2456 1170 2509 29.
1201 2452 1343 2516 IVh,13.

178 2539 281 2594 Rarius
301 2556 382 2607 quem
396 2542 448 2594 boe
462 2541 535 2608 apud
549 2542 690 2596 Tibullum
705 2547 750 2596 est
763 2533 884 2596 alterurn
898 2541 1142 2611 semiseptenariae
1155 2557 1253 2611 genus.
1269 2539 1345 2606 Quod

178 2633 273 2683 utrum
292 2629 368 2682 adsit
392 2645 490 2693 necne,
523 2645 728 2696 nonnumquam
759 2630 846 2699 prime
866 2631 999 2698 adspectu
1017 2645 1115 2698 parum
1132 2629 1230 2698 liquet.
1255 2631 1288 2684 Iu
1302 2632 1342 2682 ta-

178 2717 253 2772 libus
273 2716 383 2794 quidem
400 2718 536 2780 versibus,
556 2719 653 2785 quales
672 2719 702 2772 hi
719 2724 801 2773 suut:

304 2807 318 2858 I
337 2809 362 2871 2,
381 2809 415 2861 bl
435 2810 467 2860 tu
487 2811 579 2861 tamen
598 2807 740 2861 abstineas
760 2807 838 2861 aliis:
858 2822 921 2862 nam
940 2814 1034 2862 cetera
1048 2811 1153 2862 cernet.

285 2894 315 2948 ll
335 2898 358 2958 1,
378 2897 411 2950 81
431 2901 536 2959 serrone,
555 2895 620 2949 veui
656 2895 772 2963 dapibus
791 2895 880 2959 festis,
900 2896 949 2948 sed
966 2911 1038 2963 pone
1057 2894 1187 2965 sagittas.

303 2983 317 3034 Ι
335 2986 360 3046 8,
380 2984 415 3038 65
433 2983 498 3036 dum
517 2981 586 3054 mihi
604 2989 751 3036 venturam
769 2983 853 3052 fingo,
873 2983 1062 3052 quodcumque
1080 2987 1217 3038 movetur.

179 3070 246 3136 quin
278 3069 507 3138 semiseptenaria
538 3069 702 3138 principalis
734 3071 879 3142 distinctio
911 3073 1037 3140 putanda
1075 3071 1114 3126 sit
1145 3087 1201 3126 non
1234 3070 1340 3125 dubita·

179 3157 274 3212 verim.
294 3158 458 3214 Rectissime
477 3158 550 3213 enirn
568 3159 744 3214 Hermannns
765 3160 852 3226 (elem.
872 3160 959 3214 doctr.
974 3164 1051 3214 metr.
1070 3177 1097 3229 p.
1111 3163 1156 3228 38)
1170 3159 1248 3224 dicit,
1264 3173 1344 3226 quum

179 3245 272 3314 potior
291 3245 330 3300 sit
348 3247 436 3301 tetius
456 3246 592 3302 orationis
611 3263 693 3315 qnam
711 3247 795 3302 unius
814 3247 935 3317 alicujus
953 3249 1082 3304 vocabuli
1102 3248 1173 3313 finis,
1188 3247 1223 3302 iis
1237 3248 1268 3302 iu
1286 3263 1343 3302 ver·

180 3335 265 3398 sibus,
285 3334 315 3388 in
336 3335 434 3401 quibus
454 3336 562 3389 utrovis
580 3337 660 3390 mode
679 3336 766 3390 incidi
783 3337 880 3404 possit,
900 3351 957 3391 non
975 3353 1009 3392 ex
1023 3337 1159 3402 vocabuli,
1175 3337 1223 3391 sed
1237 3353 1271 3390 ex
1286 3351 1343 3389 ora-

181 3422 267 3476 tionis
292 3422 346 3476 fine
369 3424 513 3478 assemani
538 3439 690 3480 caesuram.
732 3427 824 3492 Atque
855 3425 969 3493 insuper
993 3424 1022 3477 iu
1047 3425 1153 3478 talibus
1179 3422 1342 3480 hexametris

180 3511 434 3579 hephthomimerim
454 3512 613 3579 primariam
631 3529 775 3568 caesuram
803 3513 956 3568 habendam
981 3527 1041 3566 esse
1066 3511 1241 3581 apertissime
1266 3512 1344 3564 docet

179 3602 209 3654 II
230 3603 252 3664 1,
272 3603 315 3658 81.
353 3599 487 3667 Quoniam
506 3601 586 3666 euim,
606 3607 639 3656 ut
656 3601 686 3655 iu
704 3605 879 3670 pentametro
906 3601 949 3655 ita
969 3600 1000 3654 in
1025 3601 1185 3655 hexametro
1211 3598 1343 3654 incisione

270 3819 351 3887 ¹.)cf
370 3819 401 3872 L.
421 3819 549 3884 Mueller,
569 3819 635 3873 edit
654 3819 713 3876 Tib.
732 3821 856 3889 praetr)
857 3819 984 3876 ,XXIM

269 3890 350 3956 8)οι
369 3890 401 3943 L.
420 3890 549 3954 Mueller,
567 3889 602 3944 de
620 3903 651 3944 re
669 3895 749 3945 metr.
767 3906 792 3958 p.
811 3837 873 3948 188.

267 3959 351 4029 ⁸)Of.
369 3959 401 4014 L.
420 3960 548 4028 Mueller,
567 3959 602 4016 do
619 3973 650 4016 re
668 3965 749 4016 metr.
766 3976 792 4029 p
812 3963 873 4018 188.
