2912 4328
195 711 249 829 De
266 772 374 829 artibus
390 766 556 839 scripturus,
566 781 636 836 quas
652 761 781 822 Tibullus
797 759 991 835 etLygdamus
1007 758 1036 820 in
1051 760 1176 820 versibus
1191 769 1221 820 et
1236 759 1284 820 he·

107 865 191 921 roicis
207 869 235 919 et
251 861 382 931 elegiacis
399 855 596 914 concinnandis
620 854 822 924 adhibuerunt,
839 854 875 908 ad
890 853 946 908 tria
961 852 1136 922 potissimum
1152 853 1283 924 quoniam

104 954 246 1022 spectabo,
262 950 338 1006 haud
355 947 481 1003 inutilem
497 960 610 1016 operam
633 943 738 998 ineam
754 959 812 1000 rem
834 957 876 998 me
900 942 1089 1012 impensurum
1112 957 1174 998 essa
1197 958 1279 1014 spere

108 1044 199 1111 atque'
214 1037 332 1095 confido.

196 1129 269 1184 Nam
284 1125 402 1195 primum
418 1121 538 1192 quidem,
554 1120 686 1191 quoniam
702 1119 840 1176 vocabula
856 1119 1014 1176 collocandi
1030 1119 1198 1190 libertatem,
1212 1135 1285 1190 quae

108 1216 242 1274 sermonis
259 1213 353 1270 Latini
376 1212 491 1282 propria
515 1216 558 1266 est
580 1225 690 1280 quaque
713 1215 814 1280 politae
837 1209 1025 1266 Romanorum
1048 1208 1216 1265 solutissime
1240 1209 1285 1265 usi

108 1311 184 1379 sunt,
201 1306 236 1360 ab
252 1303 349 1359 iisdem
366 1302 462 1370 aliqua
478 1305 608 1370 exparte
625 1299 661 1353 ad
678 1305 784 1354 certum
800 1298 925 1353 ordinem
941 1303 1101 1352 revocatam
1122 1313 1184 1354 essa
1207 1298 1283 1353 vide-

107 1393 208 1462 bimus,
225 1392 272 1462 qui
286 1391 395 1460 pariter
410 1389 514 1446 serviat
529 1386 664 1442 orationis
680 1387 876 1456 perspicuitati
892 1402 925 1441 ac
941 1385 1091 1457 venustati,
1101 1387 1201 1456 siquod
1216 1387 1283 1442 talis

108 1480 302 1537 collocationis
319 1495 406 1548 genus
423 1479 457 1532 ob
476 1483 572 1547 artem,
585 1492 656 1545 quae
673 1477 698 1530 ei
714 1475 795 1546 inest,
813 1475 1026 1532 usitatissimum
1042 1475 1284 1547 gratissimumque

102 1575 169 1627 'esse
186 1569 327 1639 cognitum
343 1566 405 1636 erit,
431 1565 654 1636 quandoquidem
670 1569 756 1634 poeta
778 1570 895 1633 uterque
918 1579 974 1620 non
998 1562 1057 1619 sine
1081 1579 1168 1620 eausa
1192 1566 1227 1620 ab
1250 1580 1283 1620 eo

109 1657 269 1714 discessisse
285 1655 426 1726 putandus
447 1661 506 1724 est,
538 1652 627 1709 sicubi
658 1653 832 1722 discesserit,
865 1653 985 1708 animum
1008 1653 1045 1707 ad
1075 1652 1104 1707 id
1132 1652 1283 1723 intendam,

109 1763 159 1801 our
174 1745 202 1800 id
218 1745 376 1800 factumsit.
400 1743 491 1811 Atque
506 1742 571 1798 inde
587 1747 616 1795 et
632 1741 665 1797 de
682 1742 849 1810 quibusdam
865 1740 1059 1798 subtilioribus
1075 1740 1282 1812 metrilegibus,

108 1849 178 1903 quas
195 1833 305 1901 longius
321 1832 375 1887 erit
391 1849 441 1887 cur
453 1845 661 1901 persequamur,
671 1837 913 1901 etnonnumqnam
921 1830 955 1886 da
963 1829 1165 1884 sententiarum
1173 1829 1282 1885 ratione

108 1922 187 1976 etde
204 1921 266 1977 aliis
290 1920 442 1989 nonnullis,
459 1935 531 1988 quae
555 1919 627 1973 illud
650 1918 800 1988 effecerint,
824 1917 989 1974 concludere
1014 1917 1119 1973 licebit.
1159 1917 1282 1988 Quocum

110 2009 249 2063 artissime
267 2009 398 2063 cohaeret
421 2009 550 2077 alterum,
568 2007 602 2061 ad
620 2007 695 2075 quod
719 2007 861 2076 spectabo.
901 2006 968 2062 Cum
991 2005 1064 2062 enim
1087 2006 1169 2062 facile
1194 2007 1284 2062 conici

108 2097 207 2166 possit,
224 2098 504 2172 alterumpoetarum
519 2102 678 2150 nostrorum
694 2094 887 2151 collocationis
904 2095 974 2151 artis
990 2095 1109 2152 alterum
1132 2100 1181 2150 aut
1203 2095 1285 2150 metri

109 2191 159 2239 aut
175 2185 329 2240 sententiae
346 2184 481 2238 rationem
489 2183 708 2254 magisduxisse,
725 2183 872 2239 videndum
888 2183 949 2254 erit,
964 2200 1029 2238 num
1045 2184 1113 2252 quid
1128 2190 1159 2239 ut
1174 2185 1203 2238 in
1220 2183 1283 2239 aliis

107 2273 149 2328 ita
165 2273 193 2326 in
209 2273 253 2329 his
268 2274 351 2328 rebus
368 2272 504 2328 intereos
520 2272 639 2328 intersit.
670 2273 796 2341 Denique
813 2286 878 2327 vero
895 2272 1004 2327 accidet
1019 2277 1051 2327 ut
1071 2273 1207 2340 attingam
1222 2288 1283 2327 rer-

109 2378 167 2430 sus,
183 2362 211 2415 in
228 2362 328 2430 quibus
345 2362 491 2416 verbomm
507 2362 576 2416 ordo
591 2366 620 2416 et
635 2361 664 2415 in
679 2361 822 2416 codicibus
837 2360 979 2429 pejoribus
995 2366 1180 2416 commutatus
1195 2368 1239 2417 est
1254 2368 1284 2416 et

110 2449 215 2504 abhoc
231 2449 344 2504 autillo
361 2465 456 2505 eorum
472 2450 618 2520 editorum,
635 2449 682 2518 qui
699 2456 762 2504 ante
772 2449 980 2503 Lachmannum
1002 2448 1180 2504 exstiterunt,
1212 2450 1282 2505 Tum

109 2551 175 2591 vero
197 2536 360 2592 habebimus
376 2553 426 2592 eur
441 2539 574 2607 cujusque
590 2538 696 2593 variam
716 2537 915 2593 vocabulorum
938 2536 1151 2593 collocationem
1167 2554 1282 2594 accura-

108 2624 165 2680 tius
181 2624 369 2680 examinemus
385 2631 422 2695 et,
439 2631 470 2680 ut
485 2641 594 2694 semper
608 2625 665 2681 fere
682 2627 799 2697 eveniet,
814 2626 980 2697 optimorum
1002 2627 1137 2682 librorum
1160 2627 1282 2683 anctori-

110 2718 196 2768 tatem
213 2712 403 2769 defendamus.

199 2801 336 2870 Quoniam
352 2807 446 2856 autem
468 2818 529 2857 cum
545 2817 580 2856 ea
603 2801 807 2872 concinnitate,
839 2817 910 2872 quae
925 2801 955 2857 in
970 2802 1079 2859 duobus
1096 2818 1166 2872 quaa
1184 2803 1284 2859 cohae-

111 2894 173 2943 rent
188 2889 343 2946 nominibus
358 2889 495 2960 ponendis
512 2890 638 2945 adhibita
653 2898 705 2961 est,
723 2892 871 2959 conjuncta
887 2906 948 2946 esse
965 2891 1038 2947 solet
1059 2891 1176 2948 firmitas
1199 2907 1284 2962 quae·

112 2974 177 3031 dam
191 2976 220 3030 in
235 2993 268 3031 so
283 2978 392 3034 nomine
408 2985 559 3049 praeeunte
575 2979 677 3050 posita,
687 2995 741 3048 quo
750 2980 859 3050 integra
867 2995 922 3035 non
936 2980 1026 3034 oritur
1042 2980 1180 3035 sententia
1196 2980 1283 3050 quod·

112 3079 166 3134 qus
188 3069 221 3118 ut
243 3064 362 3121 altorum
384 3072 564 3137 exspectetur
585 3068 678 3138 efficit,
703 3068 736 3124 de
760 3085 795 3124 ea
810 3075 920 3139 quoque
945 3069 1111 3124 disseremus
1135 3075 1219 3138 atque
1242 3069 1283 3124 ita

111 3151 232 3221 quidem,
247 3157 280 3207 ut
294 3151 405 3222 longius
419 3171 481 3211 eam
496 3173 698 3228 persequamur
714 3174 797 3227 quam
813 3158 906 3227 quoad
922 3172 984 3213 oum
1007 3157 1194 3214 concinnitate
1218 3174 1284 3214 eon·

109 3239 208 3309 juncta
225 3239 270 3296 sit.

200 3328 358 3399 Antequam
375 3335 467 3384 autem
483 3332 519 3386 ad
534 3333 572 3400 id,
582 3334 655 3401 quod
666 3335 746 3390 nobis
761 3333 967 3404 proposuimus,
976 3333 1151 3405 accedamus,
1161 3336 1284 3394 breviter

111 3414 306 3485 explicandum
321 3423 373 3488 est,
397 3432 467 3486 qnae
491 3434 526 3473 ex
549 3419 701 3476 Tibulliani
725 3423 849 3492 corporis
863 3422 1041 3496 ⁸carminibus
1065 3423 1187 3494 Tibullo,
1211 3441 1284 3496 quae

112 3501 254 3571 Lygdamo
270 3505 418 3562 tribuenda
434 3506 498 3563 sint.
530 3508 621 3578 Atque
638 3509 749 3564 tertium
766 3511 876 3579 quidem
896 3511 998 3566 librum
1014 3527 1032 3566 a
1047 3512 1140 3568 nescio
1164 3529 1218 3582 quo
1241 3513 1283 3568 in·

111 3589 222 3648 ferioris
238 3593 343 3649 ordinis
359 3600 452 3667 poeta,
469 3595 517 3665 qui
532 3596 704 3668 Lygdamum
719 3614 749 3653 se
768 3598 827 3667 ipse
851 3606 941 3671 vocat,
965 3601 1121 3656 consectum
1143 3616 1204 3656 esse
1227 3616 1283 3656 non

108 3677 167 3746 jam
183 3679 236 3734 erit
252 3680 299 3750 qui
314 3674 429 3751 negetll.
460 3685 557 3755 Neque
573 3686 691 3756 primunr
707 3693 757 3764 aut
772 3688 923 3744 secundum
938 3689 1040 3745 librum
1056 3688 1092 3744 ad
1115 3689 1188 3744 huno
1211 3687 1284 3744 diem

202 3882 222 3950 ¹)
243 3881 283 3935 (il.
303 3882 426 3951 stampe,
446 3883 480 3938 de
499 3883 636 3954 Lyqumi
654 3885 702 3954 qui
720 3892 838 3944 vocatur
856 3888 965 3960 elegiis.
984 3888 1050 3945 diss.
1068 3887 1165 3959 inaug.
1201 3889 1284 3944 Halia

112 3950 252 4006 Saxonum
272 3955 348 4022 1867,
368 3953 416 4011 ubi
434 3955 601 4042 gravisdma
620 3965 787 4032 argumenta
805 3959 835 4014 in
854 3974 940 4018 unum
958 3965 1056 4017 coacta
1074 3963 1149 4016 sunu

1032 4121 1051 4182 1
