2912 4328
500 75 810 199 1-11-

111 285 152 344 tia
167 284 314 356 cohaeret,
330 280 437 354 etipsa
460 277 592 338 iaeiliima
608 279 646 338 ad
666 284 813 351 unamque
834 276 956 336 rotenus
969 282 1000 336 et
1020 289 1118 336 misna
1142 275 1281 336 arhusime

112 365 326 442 conectunturb.
350 369 389 428 Et
403 369 440 427 ad
455 369 484 427 id
499 370 589 441 ipsum
598 369 740 427 'libellum
754 367 906 426 tetendisse
922 366 987 424 inde
1002 372 1129 439 apparat,
1145 365 1281 440 qnodbtr,

111 462 356 535 Ihfflmhffl

220 557 295 609 stare
310 565 361 605 nee
377 553 441 604 ante
457 547 531 605 iores
547 546 648 619 puduit
669 559 822 604 caraeve
843 541 998 618 puellae

273 637 404 694 ancillam
418 635 509 692 medio
526 633 677 692 detinuisse
692 637 764 691 iero.

218 727 292 782 hano
308 725 398 781 animo
414 723 553 794 gaudente
568 723 663 778 vident
675 723 911 794 juvenumque
927 727 1107 779 catervas

273 817 487 869 commemorant
502 812 600 867 merito
616 818 659 867 tot
674 812 750 868 mala
764 809 836 866 ferre
852 825 955 880 senem,
999 855 1001 858 .
1128 873 1138 890 ·

113 901 185 958 idem
200 901 292 959 affecit
316 917 352 955 ex
375 899 514 956 contrario
537 899 623 956 verba
646 899 682 955 ad
705 903 850 970 utramque
873 898 1039 956 sententiam
1061 897 1233 970 pertinentia
1254 895 1284 954 in

112 989 268 1046 hexametri
282 988 336 1043 fine
352 987 392 1043 ita
414 987 559 1059 ponendo,
575 995 607 1043 ut
623 987 804 1058 grammatica
820 987 1025 1044 construetione
1041 986 1153 1044 cuniis
1176 1002 1284 1043 conexa

114 1081 179 1148 sint,
197 1092 269 1147 quae
285 1076 314 1132 in
328 1073 501 1146 pentametro
517 1082 680 1146 sequnntur.
712 1075 839 1132 Eandem
860 1075 947 1145 igitur
971 1081 1059 1132 artem
1075 1092 1125 1132 our
1140 1075 1283 1132 Tibullum

114 1169 143 1222 in
158 1165 311 1221 hexametri
327 1180 445 1222 caesura
461 1163 621 1220 adhibuisse
638 1159 769 1234 negemus
785 1180 840 1219 non
856 1178 917 1220 esse
933 1161 1030 1234 liquet.

202 1253 321 1308 Restant
336 1268 453 1322 quornm
469 1269 587 1309 caesura
602 1252 651 1308 nbi
666 1251 703 1308 sit
718 1269 773 1308 non
789 1252 859 1308 eatis
875 1257 985 1308 eonstet
1005 1267 1102 1308 sersus
1125 1251 1153 1306 11
1170 1255 1207 1321 3,
1233 1255 1284 1309 tt.

117 1347 167 1399 55.
197 1341 230 1395 In
247 1341 346 1411 quibus
362 1341 588 1412 semiquinariam
602 1341 813 1410 praeferendam
828 1355 889 1396 esse
904 1346 1004 1411 postea
1019 1340 1224 1396 demonstrabo.

201 1429 221 1485 J
222 1444 266 1484 am
274 1444 348 1500 vero,
357 1429 404 1485 nbi
421 1445 514 1485 omnes
531 1431 578 1500 qni
593 1428 819 1500 bephthemimeri
827 1428 949 1498 praediti
964 1434 1030 1486 sunt
1044 1443 1141 1485 versus
1156 1427 1284 1485 heroicos

116 1517 298 1588 repperimus,
312 1517 421 1586 juvabit
437 1518 603 1589 examinare,
620 1535 684 1573 num
707 1517 844 1574 momnis
867 1514 991 1572 earmina
1013 1516 1119 1586 pariter
1141 1516 1284 1573 distributi

116 1606 181 1661 sint.
212 1603 358 1674 Apponam
374 1605 459 1675 igitur
475 1606 592 1676 primum
608 1606 728 1677 quidem,
745 1609 812 1676 quot
828 1620 938 1661 carmen
953 1605 1082 1676 qnodque
1107 1604 1284 1660 hexametros

116 1694 221 1748 habeat
235 1692 264 1746 in
280 1700 382 1762 quarta
397 1694 454 1749 arsi
469 1695 582 1765 incisos,
598 1695 648 1764 ita,
664 1699 696 1749 nt
710 1693 803 1766 priore
819 1709 932 1748 numero
949 1691 1178 1763 eomprehendam
1189 1709 1246 1763 eos,
1256 1695 1284 1748 in

116 1782 217 1852 quibus
232 1780 474 1851 hephthemimeris
491 1783 548 1838 sine
564 1781 877 1853 penthemimeriadest3
887 1781 977 1837 altero
992 1781 1199 1858 eos,inquibus
1214 1779 1285 1838 baeo

117 1869 153 1924 ed
168 1868 247 1924 illam
263 1869 380 1927 accedit.
411 1870 470 1940 Quo
486 1871 516 1927 in
529 1878 681 1942 conspeetu
696 1869 961 1952 ordine'elegiarum
983 1877 1093 1926 utemur
1116 1884 1133 1924 a
1147 1868 1284 1927 Teuffelio

115 1957 236 2028 prolato.

130 2116 145 2170 1
207 2115 386 2172 ⁷:82h
770 2117 809 2174 lv
847 2117 1026 2176 4:1311.
1157 2120 1174 2174 b

206 2207 380 2274 4:42„
846 2208 1019 2276 15:10„
1157 2209 1174 2262 8

206 2295 378 2364 9:42„
846 2296 1019 2365 82:10„

207 2383 378 2453 8:³9„
848 2385 925 2436 7:
966 2385 1018 2453 b„

143 2465 378 2537 ·10=34„
771 2469 1018 2540 112=11‚‚
1156 2474 1175 2528 4

770 2557 1020 2630 1v1t=1a„

828 2651 925 2702 14:
964 2650 1019 2717 4„
1134 2674 1179 2687 ·-

770 2733 799 2789 II
847 2735 1019 2804 1:45„
1140 2736 1153 2788 1

847 2824 1020 2892 3:41„

1160 2295 1174 2348 1

1160 2385 1174 2436 1

210 2558 379 2626 1:39„
1160 2563 1175 2614 t

208 2646 381 2714 8:47„
498 2705 500 2710 ,
1168 2641 1172 2649 ’

208 2735 380 2803 5:38„
1158 2736 1176 2789 4

208 2823 380 2892 2:50„
1157 2824 1176 2877 4

209 2909 379 2980 6:42„
847 2908 1020 2980 4:80„
1160 2911 1178 2963 ’1

134 2991 379 3067 1v2=12‚,
848 2999 1020 3069 52:61„
1139 2999 1177 3054 10

153 3085 380 3154 ·t=12‚‚
848 3085 1020 3158 6:27„
1158 3088 1176 3141 4

606 2207 626 2965 Qoemoet-toeu—-keoe

1117 3195 1175 3248 151

119 3359 184 3438 dam
200 3383 225 3440 si
239 3398 275 3438 ea
290 3398 417 3453 quaeque
425 3382 558 3455 earmina,
567 3399 639 3454 qnae
655 3385 781 3456 separari
796 3401 851 3442 non
858 3400 941 3456 posse
950 3384 1091 3457 Gruppius
1099 3390 1129 3442 et
1137 3386 1291 3444 Teuffelius

121 3471 286 3542 docuerunt,
302 3471 331 3526 in
346 3489 431 3528 unum
446 3472 582 3543 complexi
597 3471 789 3552 invenerimus,
799 3489 882 3544 quam
897 3489 980 3545 saepe
995 3474 1190 3545 conjungenda
1206 3489 1290 3546 qnae·

119 3558 434 3629 qushepbthemimerim
449 3561 581 3631 habeant,
597 3561 655 3618 ahia
672 3562 707 3617 ab
724 3561 789 3619 eliis
798 3561 916 3618 differre·
925 3577 1131 3633 cognomentis.

209 3796 229 3867 ¹)
248 3795 337 3852 idrtat
354 3795 445 3866 igitur
463 3797 677 3869 Hertnbergius,
696 3798 739 3856 ed.
757 3797 840 3871 Prop.
863 3803 929 3858 tom
947 3798 970 3858 1.
988 3814 1015 3869 p.
1034 3800 1095 3858 173.
